@inproceedings{agirre2009study,
  title={A study on similarity and relatedness using distributional and WordNet-based approaches},
  author={Agirre, Eneko and Alfonseca, Enrique and Hall, Keith and Kravalova, Jana and Pa{\c{s}}ca, Marius and Soroa, Aitor},
  booktitle={Proccedings of NAACL},
  year={2009},
  organization={Association for Computational Linguistics}
}

@inproceedings{hatzivassiloglou2001simfinder,
  title={Simfinder: A flexible clustering tool for summarization},
  author={Hatzivassiloglou, Vasileios and Klavans, Judith L and Holcombe, Melissa L and Barzilay, Regina and Kan, Min-Yen and McKeown, Kathleen},
  year={2001},
  booktitle={ NAACL Workshop on Automatic Summarization}
}

@article{kiefer2012conceptual,
  title={Conceptual representations in mind and brain: theoretical developments, current evidence and future directions},
  author={Kiefer, Markus and Pulverm{\"u}ller, Friedemann},
  journal={Cortex},
  volume={48},
  number={7},
  pages={805--825},
  year={2012},
  publisher={Elsevier}
}

@incollection{bengio2006neural,
  title={Neural probabilistic language models},
  author={Bengio, Yoshua and Schwenk, Holger and Sen{\'e}cal, Jean-S{\'e}bastien and Morin, Fr{\'e}deric and Gauvain, Jean-Luc},
  booktitle={Innovations in Machine Learning},
  pages={137--186},
  year={2006},
  publisher={Springer}
}

@incollection{zeiler2014visualizing,
  title={Visualizing and understanding convolutional networks},
  author={Zeiler, Matthew D and Fergus, Rob},
  booktitle={Computer vision--ECCV 2014},
  pages={818--833},
  year={2014},
  publisher={Springer}
}

@inproceedings{hinton1986learning,
  title={Learning distributed representations of concepts},
  author={Hinton, Geoffrey E},
  booktitle={Proceedings of the eighth annual conference of the cognitive science society},
  volume={1},
  pages={12},
  year={1986},
  organization={Amherst, MA}
}

@inproceedings{poon2009unsupervised,
  title={Unsupervised semantic parsing},
  author={Poon, Hoifung and Domingos, Pedro},
  booktitle={Proceedings of the 2009 Conference on Empirical Methods in Natural Language Processing: Volume 1-Volume 1},
  pages={1--10},
  year={2009},
  organization={Association for Computational Linguistics}
}

@article{anward1997parts,
  title={Parts of speech: A challenge for typology},
  author={Anward, Jan and Moravcsik, Edith and Stassen, Leon},
  journal={Linguistic typology},
  volume={1},
  number={2},
  pages={167--184},
  year={1997}
}


@article{hill2015goldilocks,
  title={The Goldilocks Principle: Reading Children's Books with Explicit Memory Representations},
  author={Hill, Felix and Bordes, Antoine and Chopra, Sumit and Weston, Jason},
  journal={Proceedings of ICLR},
  year={2016}
}

@inproceedings{antol2015vqa,
  title={VQA: Visual question answering},
  author={Antol, Stanislaw and Agrawal, Aishwarya and Lu, Jiasen and Mitchell, Margaret and Batra, Dhruv and Lawrence Zitnick, C and Parikh, Devi},
  booktitle={Proceedings of the IEEE International Conference on Computer Vision},
  pages={2425--2433},
  year={2015}
}

@article{rocktaschel2015reasoning,
  title={Reasoning about Entailment with Neural Attention},
  author={Rockt{\"a}schel, Tim and Grefenstette, Edward and Hermann, Karl Moritz and Ko{\v{c}}isk{\`y}, Tom{\'a}{\v{s}} and Blunsom, Phil},
  journal={arXiv preprint arXiv:1509.06664},
  year={2015}
}

@article{bordes2014question,
  title={Question answering with subgraph embeddings},
  author={Bordes, Antoine and Chopra, Sumit and Weston, Jason},
  journal={Proceedings of EMNLP},
  year={2014}
}

@book{prinz2004furnishing,
  title={Furnishing the mind: Concepts and their perceptual basis},
  author={Prinz, Jesse J},
  year={2004},
  publisher={MIT press}
}
@book{fauconnier1994mental,
  title={Mental spaces: Aspects of meaning construction in natural language},
  author={Fauconnier, Gilles},
  year={1994},
  publisher={Cambridge University Press}
}

@article{miikkulainen1991natural,
  title={Natural language processing with modular PDP networks and distributed lexicon},
  author={Miikkulainen, Risto and Dyer, Michael G},
  journal={Cognitive Science},
  volume={15},
  number={3},
  pages={343--399},
  year={1991},
  publisher={Elsevier}
}

@article{rosch1976basic,
  title={Basic objects in natural categories},
  author={Rosch, Eleanor and Mervis, Carolyn B and Gray, Wayne D and Johnson, David M and Boyes-Braem, Penny},
  journal={Cognitive psychology},
  volume={8},
  number={3},
  pages={382--439},
  year={1976},
  publisher={Elsevier}
}

@article{tversky1977features,
  title={Features of similarity.},
  author={Tversky, Amos},
  journal={Psychological review},
  volume={84},
  number={4},
  pages={327},
  year={1977},
  publisher={American Psychological Association}
}

@book{pinker2009language,
  title={Language learnability and language development, with new commentary by the author},
  author={Pinker, Steven},
  volume={7},
  year={2009},
  publisher={Harvard University Press}
}

@book{tomasello2009constructing,
  title={Constructing a language: A usage-based theory of language acquisition},
  author={Tomasello, Michael and Tomasello, Michael},
  year={2009},
  publisher={Harvard University Press}
}

@inproceedings{biemann2005ontology,
  title={Ontology Learning from Text: A Survey of Methods},
  author={Biemann, Chris},
  booktitle={LDV forum},
  volume={44},
  pages={75--93},
  year={2005}
}

@inproceedings{cordier1965,
  title={Factor Analysis of Correspondences},
  author={Cordier, Brigitte},
  booktitle={Proceedings of COLING},
  year={1965}
}

@inproceedings{harper1965,
  title={Measurement of Similarity Between Nouns},
  author={Harper, Kenneth},
  booktitle={Proceedings of COLING},
  year={1965}
}


@inproceedings{marton2009improved,
  title={Improved statistical machine translation using monolingually-derived paraphrases},
  author={Marton, Yuval and Callison-Burch, Chris and Resnik, Philip},
  booktitle={Proceedings of EMNLP},
  pages={381--390},
  year={2009},
  organization={Association for Computational Linguistics}
}

@inproceedings{he2008indirect,
  title={Indirect-HMM-based hypothesis alignment for combining outputs from machine translation systems},
  author={He, Xiaodong and Yang, Mei and Gao, Jianfeng and Nguyen, Patrick and Moore, Robert},
  booktitle={Proceedings of EMNLP},
  pages={98--107},
  year={2008},
  organization={Association for Computational Linguistics}
}

@inproceedings{li2006exploring,
  title={Exploring distributional similarity based models for query spelling correction},
  author={Li, Mu and Zhang, Yang and Zhu, Muhua and Zhou, Ming},
  booktitle={Proceedings of ALC},
  pages={1025--1032},
  year={2006},
  organization={Association for Computational Linguistics}
}

@article{cimiano2005learning,
  title={Learning Concept Hierarchies from Text Corpora using Formal Concept Analysis.},
  author={Cimiano, Philipp and Hotho, Andreas and Staab, Steffen},
  journal={J. Artif. Intell. Res.(JAIR)},
  volume={24},
  pages={305--339},
  year={2005}
}



@article{markman1997similar,
  title={Similar and different: The differentiation of basic-level categories},
  author={Markman, Arthur B and Wisniewski, Edward J},
  journal={Journal of Experimental Psychology: Learning, Memory, and Cognition},
  volume={23},
  number={1},
  year={1997},
  publisher={American Psychological Association}
}

@article{gentner1978relational,
  title={On relational meaning: The acquisition of verb meaning},
  author={Gentner, Dedre},
  journal={Child development},
  pages={988--998},
  year={1978},
  publisher={JSTOR}
}

@article{bruni2014multimodal,
  title={Multimodal distributional semantics},
  author={Bruni, Elia and Tran, Nam Khanh and Baroni, Marco},
  journal={Journal of Artificial Intelligence Research},
  volume={49},
  pages={1-47},
  year={2014}
}

@inproceedings{finkelstein2001placing,
  title={Placing search in context: The concept revisited},
  author={Finkelstein, Lev and Gabrilovich, Evgeniy and Matias, Yossi and Rivlin, Ehud and Solan, Zach and Wolfman, Gadi and Ruppin, Eytan},
  booktitle={Proceedings of the 10th International Conference on the World Wide Web},
  pages={406--414},
  year={2001},
  organization={ACM}
}

@inproceedings{silberer2014learning,
  title={Learning Grounded Meaning Representations with Autoencoders},
  author={Silberer, C and Lapata, M},
  booktitle={Proceedings of Association for Computational Linguistics},
  year={2014},
  organization={ACL}
}


@inproceedings{pedersen2004wordnet,
  title={WordNet:: Similarity: measuring the relatedness of concepts},
  author={Pedersen, Ted and Patwardhan, Siddharth and Michelizzi, Jason},
  booktitle={Demonstration Papers at HLT-NAACL 2004},
  pages={38--41},
  year={2004},
  organization={Association for Computational Linguistics}
}

@book{fellbaum1999wordnet,
  title={WordNet},
  author={Fellbaum, Christiane},
  year={1999},
  publisher={Wiley Online Library}
}

@article{bernal2007syntax,
  title={Syntax constrains the acquisition of verb meaning},
  author={Bernal, Savita and Lidz, Jeffrey and Millotte, S{\'e}verine and Christophe, Anne},
  journal={Language Learning and Development},
  volume={3},
  number={4},
  pages={325--341},
  year={2007},
  publisher={Taylor and Francis}
}


@InProceedings{mikolov2013efficient,
  author    = {Mikolov, Tomas and Chen, Kai and Corrado, Greg and Dean, Jeffrey},
  title     = {Efficient estimation of word representations in vector space},
  booktitle = {Proceedings of International Conference of Learning Representations},
  year      = {2013},
  address   = {Scottsdale, Arizona, USA}
}

@article{howell2005model,
  title={A model of grounded language acquisition: Sensorimotor features improve lexical and grammatical learning},
  author={Howell, Steve R and Jankowicz, Damian and Becker, Suzanna},
  journal={Journal of Memory and Language},
  volume={53},
  number={2},
  pages={258--276},
  year={2005},
  publisher={Elsevier}
}

@book{levin1993english,
  title={English verb classes and alternations: A preliminary investigation},
  author={Levin, Beth},
  volume={348},
  year={1993},
  publisher={University of Chicago press Chicago}
}

@book{bowerman2001language,
  title={Language acquisition and conceptual development},
  author={Bowerman, Melissa and Levinson, Stephen C},
  volume={3},
  year={2001},
  publisher={Cambridge University Press}
}

@article{barsalou2003grounding,
  title={Grounding conceptual knowledge in modality-specific systems},
  author={Barsalou, Lawrence W and Kyle Simmons, W and Barbey, Aron K and Wilson, Christine D},
  journal={Trends in Cognitive Sciences},
  volume={7},
  number={2},
  pages={84--91},
  year={2003},
  publisher={Elsevier}
}

@article{Hill2014,
  title={Multi-modal models for abstract and concrete concept semantics},
  author={Hill, Felix and Reichart, Roi and Korhonen, Anna},
  journal={Transactions of the Association for Computational Linguistics},
  year={In Preparation},
}

@book{golinkoff2000becoming,
  title={Becoming a word learner: A debate on lexical acquisition.},
  author={Golinkoff, Roberta Michnick and Hirsh-Pasek, Kathy and Bloom, Lois and Smith, Linda B and Woodward, Amanda L and Akhtar, Nameera and Tomasello, Michael and Hollich, George},
  year={2000},
  publisher={Oxford University Press}
}

@inproceedings{huang2012improving,
  title={Improving word representations via global context and multiple word prototypes},
  author={Huang, Eric H and Socher, Richard and Manning, Christopher D and Ng, Andrew Y},
  booktitle={Proceedings of the 50th Annual Meeting of the Association for Computational Linguistics: Long Papers-Volume 1},
  pages={873--882},
  year={2012},
  organization={Association for Computational Linguistics}
}


@article{barsalou2005situating,
  title={Situating abstract concepts},
  author={Barsalou, Lawrence W and Wiemer-Hastings, Katja},
  journal={Grounding Cognition: The Role of Perception and Action in Memory, Language, and Thought},
  pages={129--163},
  year={2005}
}

@inproceedings{silberer2012grounded,
  title={Grounded models of semantic representation},
  author={Silberer, Carina and Lapata, Mirella},
  booktitle={Proceedings of the 2012 Joint Conference on Empirical Methods in Natural Language Processing and Computational Natural Language Learning},
  pages={1423--1433},
  year={2012},
  organization={Association for Computational Linguistics}
}

@inproceedings{silberer2013models,
  title={Models of semantic representation with visual attributes},
  author={Silberer, Carina and Ferrari, Vittorio and Lapata, Mirella},
  booktitle={Proceedings of the 51th Annual Meeting of the Association for Computational Linguistics, Sofia, Bulgaria, August},
  year={2013}
}






@inproceedings{feng2010visual,
  title={Visual information in semantic representation},
  author={Feng, Yansong and Lapata, Mirella},
  booktitle={Human Language Technologies: The 2010 Annual Conference of the North American Chapter of the Association for Computational Linguistics},
  pages={91--99},
  year={2010},
  organization={Association for Computational Linguistics}
}

@article{steiger1980tests,
title={Tests for comparing elements of a correlation matrix.},
author={Steiger, James H},
journal={Psychological Bulletin},
volume={87},
number={2},
pages={245},
year={1980},
publisher={American Psychological Association}
}

@InProceedings{rollermultimodal,
  author    = {Roller, Stephen  and  Schulte im Walde, Sabine},
  title     = {A Multimodal {LDA} Model integrating Textual, Cognitive and Visual Modalities},
  booktitle = {Proceedings of the 2013 Conference on Empirical Methods in Natural Language Processing},
  month     = {October},
  year      = {2013},
  address   = {Seattle, Washington, USA},
  publisher = {Association for Computational Linguistics},
  pages     = {1146--1157},
}


@inproceedings{bruni2012distributional,
  title={Distributional semantics in technicolor},
  author={Bruni, Elia and Boleda, Gemma and Baroni, Marco and Tran, Nam-Khanh},
  booktitle={Proceedings of the 50th Annual Meeting of the Association for Computational Linguistics: Long Papers-Volume 1},
  pages={136--145},
  year={2012},
  organization={Association for Computational Linguistics}
}



@inproceedings{goldbergdataset,
  title={A Dataset of Syntactic-Ngrams over Time from a Very Large Corpus of English Books},
  author={Goldberg, Yoav and Orwant, Jon},
  booktitle={Second Joint Conference on Lexical and Computational Semantics, Association for Computational Linguistics},
  pages={241-247},
  year={2013},
  organization={Association for Computational Linguistics}
}


@article{mcrae2005semantic,
  title={Semantic feature production norms for a large set of living and nonliving things},
  author={McRae, Ken and Cree, George S and Seidenberg, Mark S and McNorgan, Chris},
  journal={Behavior Research Methods},
  volume={37},
  number={4},
  pages={547--559},
  year={2005},
  publisher={Springer}
}

@inproceedings{von2004labeling,
  title={Labeling images with a computer game},
  author={Von Ahn, Luis and Dabbish, Laura},
  booktitle={Proceedings of the SIGCHI conference on human factors in computing systems},
  pages={319--326},
  year={2004},
  organization={ACM}
}

@book{fodor1983modularity,
  title={The modularity of mind: An essay on faculty psychology},
  author={Fodor, Jerry A},
  year={1983},
  publisher={MIT press}
}

@book{myers1990classical,
  title={Classical and Modern Regression with Applications},
  author={Myers, Raymond H},
  volume={2},
  year={1990},
  publisher={Duxbury Press Belmont, CA}
}

@article{johns2012perceptual,
  title={Perceptual inference through global lexical similarity},
  author={Johns, Brendan T and Jones, Michael N},
  journal={Topics in Cognitive Science},
  volume={4},
  number={1},
  pages={103--120},
  year={2012},
  publisher={Wiley Online Library}
}

@article{paivio1991dual,
  title={Dual coding theory: Retrospect and current status.},
  author={Paivio, Allan},
  journal={Canadian Journal of Psychology},
  volume={45},
  number={3},
  pages={255},
  year={1991},
  publisher={Canadian Psychological Association}
}

@article{schwanenflugel1983differential,
  title={Differential context effects in the comprehension of abstract and concrete verbal materials.},
  author={Schwanenflugel, Paula J and Shoben, Edward J},
  journal={Journal of Experimental Psychology: Learning, Memory, and Cognition},
  volume={9},
  number={1},
  pages={82},
  year={1983},
  publisher={American Psychological Association}
}

@article{binder2005distinct,
  title={Distinct brain systems for processing concrete and abstract concepts},
  author={Binder, Jeffrey R and Westbury, Chris F and McKiernan, Kristen A and Possing, Edward T and Medler, David A},
  journal={Journal of Cognitive Neuroscience},
  volume={17},
  number={6},
  pages={905--917},
  year={2005},
  publisher={MIT Press}
}

@article{west2000imaginal,
  title={Imaginal, semantic, and surface-level processing of concrete and abstract words: an electrophysiological investigation},
  author={West, W Caroline and Holcomb, Phillip J},
  journal={Journal of Cognitive Neuroscience},
  volume={12},
  number={6},
  pages={1024--1037},
  year={2000},
  publisher={MIT Press}
}

@article{andrews2009integrating,
  title={Integrating experiential and distributional data to learn semantic representations.},
  author={Andrews, Mark and Vigliocco, Gabriella and Vinson, David},
  journal={Psychological Review},
  volume={116},
  number={3},
  pages={463},
  year={2009},
  publisher={American Psychological Association}
}


@inproceedings{leech1994claws4,
  title={CLAWS4: the tagging of the {B}ritish {N}ational {C}orpus},
  author={Leech, Geoffrey and Garside, Roger and Bryant, Michael},
  booktitle={Proceedings of the 15th conference on Computational linguistics-Volume 1},
  pages={622--628},
  year={1994},
  organization={Association for Computational Linguistics}
}

@article{gallese2005brain,
  title={The brain's concepts: The role of the sensory-motor system in conceptual knowledge},
  author={Gallese, Vittorio and Lakoff, George},
  journal={Cognitive neuropsychology},
  volume={22},
  number={3-4},
  pages={455--479},
  year={2005},
  publisher={Taylor and Francis}
}

@article{rosen2001nominalism,
  title={Nominalism, naturalism, epistemic relativism},
  author={Rosen, Gideon},
  journal={No{\^u}s},
  volume={35},
  number={s15},
  pages={69--91},
  year={2001},
  publisher={Wiley Online Library}
}


@book{brinton2005lexicalization,
  title={Lexicalization and language change},
  author={Brinton, Laurel J and Traugott, Elizabeth Closs},
  year={2005},
  publisher={Cambridge University Press}
}

@inproceedings{shutova2010metaphor,
  title={Metaphor Corpus Annotated for Source-Target Domain Mappings.},
  author={Shutova, Ekaterina and Teufel, Simone},
  booktitle={LREC},
  year={2010}
}

@article{lucas2000semantic,
  title={Semantic priming without association: A meta-analytic review},
  author={Lucas, Margery},
  journal={Psychonomic Bulletin \& Review},
  volume={7},
  number={4},
  pages={618--630},
  year={2000},
  publisher={Springer}
}

@book{grigg2009lacan,
  title={Lacan, language, and philosophy},
  author={Grigg, Russell},
  year={2009},
  publisher={SUNY Press}
}


@article{crutch2009different,
  title={The different representational frameworks underpinning abstract and concrete knowledge: Evidence from odd-one-out judgements},
  author={Crutch, Sebastian J and Connell, Sarah and Warrington, Elizabeth K},
  journal={The Quarterly Journal of Experimental Psychology},
  volume={62},
  number={7},
  pages={1377--1390},
  year={2009},
  publisher={Taylor \& Francis}
}


@inproceedings{turney2011literal,
  title={Literal and metaphorical sense identification through concrete and abstract context},
  author={Turney, Peter D and Neuman, Yair and Assaf, Dan and Cohen, Yohai},
  booktitle={Proceedings of the 2011 Conference on the Empirical Methods in Natural Language Processing},
  pages={680--690},
  year={2011}
}

@article{neuman2009metaphor,
  title={Metaphor-based meaning excavation},
  author={Neuman, Yair and Nave, Ophir},
  journal={Information Sciences},
  volume={179},
  number={16},
  pages={2719--2728},
  year={2009},
  publisher={Elsevier}
}

@article{hill2013quantitative,
  title={A Quantitative Empirical Analysis of the Abstract/Concrete Distinction},
  author={Hill, Felix and Korhonen, Anna and Bentz, Christian},
  journal={Cognitive Science},
  year={2013},
  publisher={Wiley Online Library}
}

@inproceedings{wu2013online,
  title={Online multimodal deep similarity learning with application to image retrieval},
  author={Wu, Pengcheng and Hoi, Steven CH and Xia, Hao and Zhao, Peilin and Wang, Dayong and Miao, Chunyan},
  booktitle={Proceedings of the 21st ACM International Conference on Multimedia},
  pages={153--162},
  year={2013},
  organization={ACM}
}

@article{barsalou2010grounded,
  title={Grounded cognition: past, present, and future},
  author={Barsalou, Lawrence W},
  journal={Topics in Cognitive Science},
  volume={2},
  number={4},
  pages={716--724},
  year={2010},
  publisher={Wiley Online Library}
}

@article{grafton2009embodied,
  title={Embodied cognition and the simulation of action to understand others},
  author={Grafton, Scott T},
  journal={Annals of the New York Academy of Sciences},
  volume={1156},
  number={1},
  pages={97--117},
  year={2009},
  publisher={Wiley Online Library}
}

@article{katja2005content,
  title={Content differences for abstract and concrete concepts},
  author={Wiemer-Hastings, Katja and Xu, Xu},
  journal={Cognitive Science},
  volume={29},
  number={5},
  pages={719--736},
  year={2005},
  publisher={Wiley Online Library}
}

@article{feng2013constructing,
  title={Constructing hierarchical image-tags bimodal representations for word tags alternative choice},
  author={Feng, Fangxiang and Li, Ruifan and Wang, Xiaojie},
  journal={arXiv preprint arXiv:1307.1275},
  year={2013}
}

@article{crutch2005abstract,
  title={Abstract and concrete concepts have structurally different representational frameworks},
  author={Crutch, Sebastian J and Warrington, Elizabeth K},
  journal={Brain},
  volume={128},
  number={3},
  pages={615--627},
  year={2005},
  publisher={Oxford Univ Press}
}

@inproceedings{srivastava2012multimodal,
  title={Multimodal Learning with Deep Boltzmann Machines.},
  author={Srivastava, Nitish and Salakhutdinov, Ruslan},
  booktitle={NIPS},
  pages={2231--2239},
  year={2012}
}

@book{borghi2012embodied,
  title={Embodied and grounded cognition},
  author={Borghi, Anna and Pecher, Diane},
  year={2012},
  publisher={Frontiers E-books}
}

@article{gentner1997structure,
  title={Structure mapping in analogy and similarity.},
  author={Gentner, Dedre and Markman, Arthur B},
  journal={American psychologist},
  volume={52},
  number={1},
  pages={45},
  year={1997},
  publisher={American Psychological Association}
}

@article{gentner2006verbs,
  title={Why verbs are hard to learn},
  author={Gentner, Dedre},
  journal={Action meets word: How children learn verbs},
  pages={544--564},
  year={2006}
}

@inproceedings{baroni2010nouns,
  title={Nouns are vectors, adjectives are matrices: Representing adjective-noun constructions in semantic space},
  author={Baroni, Marco and Zamparelli, Roberto},
  booktitle={Proceedings of the 2010 Conference on Empirical Methods in Natural Language Processing},
  pages={1183--1193},
  year={2010},
  organization={Association for Computational Linguistics}
}

@inproceedings{socher2012semantic,
  title={Semantic compositionality through recursive matrix-vector spaces},
  author={Socher, Richard and Huval, Brody and Manning, Christopher D and Ng, Andrew Y},
  booktitle={Proceedings of the 2012 Joint Conference on Empirical Methods in Natural Language Processing and Computational Natural Language Learning},
  pages={1201--1211},
  year={2012},
  organization={Association for Computational Linguistics}
}

@inproceedings{fyshe2012semantic,
  title={Documents and Dependencies: an Exploration of Vector Space Models for Semantic Composition},
  author={Fyshe, Alona and Talukdar, Partha and Murphy, Brian and Mitchell, Tom},
  booktitle={Proceedings of the 2013 Conference on Computational Natural Language Learning},
  year={2013},
  organization={Association for Computational Linguistics}
}


@article{nelson2004university,
  title={The {U}niversity of {So}uth {F}lorida free association, rhyme, and word fragment norms},
  author={Nelson, Douglas L and McEvoy, Cathy L and Schreiber, Thomas A},
  journal={Behavior Research Methods, Instruments, \& Computers},
  volume={36},
  number={3},
  pages={402--407},
  year={2004},
  publisher={Springer}
}

@phdthesis{sahlgren2006word,
  title={The Word-Space Model: Using distributional analysis to represent syntagmatic and paradigmatic relations between words in high-dimensional vector spaces},
  author={Sahlgren, Magnus},
  year={2006},
  school={Stockholm}
}

@inproceedings{erk2008structured,
  title={A structured vector space model for word meaning in context},
  author={Erk, Katrin and Pad{\'o}, Sebastian},
  booktitle={Proceedings of the Conference on Empirical Methods in Natural Language Processing},
  pages={897--906},
  year={2008},
  organization={Association for Computational Linguistics}
}

@inproceedings{hinton1999products,
  title={Products of experts},
  author={Hinton, Geoffrey E},
  booktitle={Artificial Neural Networks, 1999. ICANN 99. Ninth International Conference on (Conf. Publ. No. 470)},
  volume={1},
  pages={1--6},
  year={1999},
  organization={IET}
}

@inproceedings{hill2012beauty,
  title={Beauty before age?: applying subjectivity to automatic English adjective ordering},
  author={Hill, Felix},
  booktitle={Proceedings of the 2012 Conference of the North American Chapter of the Association for Computational Linguistics: Human Language Technologies: Student Research Workshop},
  pages={11--16},
  year={2012},
  organization={Association for Computational Linguistics}
}

@article{kipper2008large,
  title={A large-scale classification of English verbs},
  author={Kipper, Karin and Korhonen, Anna and Ryant, Neville and Palmer, Martha},
  journal={Language Resources and Evaluation},
  volume={42},
  number={1},
  pages={21--40},
  year={2008},
  publisher={Springer}
}

@article{gildea2002automatic,
  title={Automatic labeling of semantic roles},
  author={Gildea, Daniel and Jurafsky, Daniel},
  journal={Computational linguistics},
  volume={28},
  number={3},
  pages={245--288},
  year={2002},
  publisher={MIT Press}
}

@book{levin1993english,
  title={English verb classes and alternations: A preliminary investigation},
  author={Levin, Beth},
  volume={348},
  year={1993},
  publisher={University of Chicago press Chicago}
}

@article{van2012multiway,
  title={Multiway Tensor Factorization for Unsupervised Lexical Acquisition},
  author={Van de Cruys, Tim and Rimell, Laura and Poibeau, Thierry and Korhonen, Anna and others},
  journal={COLING 2012: Technical Papers},
  pages={2703--2720},
  year={2012}
}

@article{tyler2001towards,
  title={Towards a distributed account of conceptual knowledge},
  author={Tyler, Lorraine K and Moss, Helen E},
  journal={Trends in Cognitive Sciences},
  volume={5},
  pages={244--252},
  year={2001},
  publisher={Elsevier}
}

@inproceedings{collobert2007fast,
  title={Fast semantic extraction using a novel neural network architecture},
  author={Collobert, Ronan and Weston, Jason},
  booktitle={Annual meeting-association for computational linguistics},
  volume={45},
  number={1},
  pages={560},
  year={2007}
}

@article{mesnil2012unsupervised,
  title={Unsupervised and Transfer Learning Challenge: a Deep Learning Approach.},
  author={Mesnil, Gr{\'e}goire and Dauphin, Yann and Glorot, Xavier and Rifai, Salah and Bengio, Yoshua and Goodfellow, Ian J and Lavoie, Erick and Muller, Xavier and Desjardins, Guillaume and Warde-Farley, David and others},
  journal={Journal of Machine Learning Research-Proceedings Track},
  volume={27},
  pages={97--110},
  year={2012}
}

@book{bybee2001frequency,
  title={Frequency and the Emergence of Linguistic Structure},
  author={Bybee, Joan L and Hopper, Paul J},
  volume={45},
  year={2001},
  publisher={John Benjamins Publishing}
}

@article{chater2006probabilistic,
  title={Probabilistic models of language processing and acquisition},
  author={Chater, Nick and Manning, Christopher D},
  journal={Trends in Cognitive Sciences},
  volume={10},
  number={7},
  pages={335--344},
  year={2006},
  publisher={Elsevier}
}

@inproceedings{turian2010word,
  title={Word representations: a simple and general method for semi-supervised learning},
  author={Turian, Joseph and Ratinov, Lev and Bengio, Yoshua},
  booktitle={Proceedings of the 48th Annual Meeting of the Association for Computational Linguistics},
  pages={384--394},
  year={2010},
  organization={Association for Computational Linguistics}
}

@article{duchi2011adaptive,
  title={Adaptive subgradient methods for online learning and stochastic optimization},
  author={Duchi, John and Hazan, Elad and Singer, Yoram},
  journal={The Journal of Machine Learning Research},
  volume={12},
  pages={2121--2159},
  year={2011},
  publisher={JMLR. org}
}


@article{devereux2013centre,
  title={The Centre for Speech, Language and the Brain (CSLB) concept property norms},
  author={Devereux, Barry J and Tyler, Lorraine K and Geertzen, Jeroen and Randall, Billi},
  journal={Behavior Research Methods},
  pages={1--9},
  year={2013},
  publisher={Springer}
}

@inproceedings{morin2005hierarchical,
  title={Hierarchical probabilistic neural network language model},
  author={Morin, Frederic and Bengio, Yoshua},
  booktitle={Proceedings of the international Workshop on Artificial Intelligence and Statistics},
  pages={246--252},
  year={2005}
}

@inproceedings{kelly2010acquiring,
  title={Acquiring human-like feature-based conceptual representations from corpora},
  author={Kelly, Colin and Devereux, Barry and Korhonen, Anna},
  booktitle={Proceedings of the NAACL HLT 2010 First Workshop on Computational Neurolinguistics},
  pages={61--69},
  year={2010},
  organization={Association for Computational Linguistics}
}

@incollection{manning2011part,
  title={Part-of-speech tagging from 97\% to 100\%: is it time for some linguistics?},
  author={Manning, Christopher D},
  booktitle={Computational Linguistics and Intelligent Text Processing},
  pages={171--189},
  year={2011},
  publisher={Springer}
}

@article{bybee200319,
  title={19 Mechanisms of Change in Grammaticization: The Role of Frequency},
  author={Bybee, Joan},
  journal={The handbook of historical linguistics},
  pages={602},
  year={2003}
}

@article{harris1954,
  title={Distributional structure},
  author={Harris, Zellig},
  journal={Word},
  volume={10},
  number={23},
  pages={146-162},
  year={1954}
}

@article{blei2003latent,
  title={Latent dirichlet allocation},
  author={Blei, David M and Ng, Andrew Y and Jordan, Michael I},
  journal={the Journal of machine Learning research},
  volume={3},
  pages={993--1022},
  year={2003},
  publisher={JMLR. org}
}


@article{hardoon2004canonical,
  title={Canonical correlation analysis: An overview with application to learning methods},
  author={Hardoon, David R and Szedmak, Sandor and Shawe-Taylor, John},
  journal={Neural Computation},
  volume={16},
  number={12},
  pages={2639--2664},
  year={2004},
  publisher={MIT Press}
}

@article{patterson2007you,
  title={Where do you know what you know? The representation of semantic knowledge in the human brain},
  author={Patterson, Karalyn and Nestor, Peter J and Rogers, Timothy T},
  journal={Nature Reviews Neuroscience},
  volume={8},
  number={12},
  pages={976--987},
  year={2007},
  publisher={Nature Publishing Group}
}

@inproceedings{agirre2007semeval,
  title={Semeval-2007 task 02: Evaluating word sense induction and discrimination systems},
  author={Agirre, Eneko and Soroa, Aitor},
  booktitle={Proceedings of the 4th International Workshop on Semantic Evaluations},
  pages={7--12},
  year={2007},
  organization={Association for Computational Linguistics}
}

@inproceedings{sun2009improving,
  title={Improving verb clustering with automatically acquired selectional preferences},
  author={Sun, Lin and Korhonen, Anna},
  booktitle={Proceedings of the 2009 Conference on Empirical Methods in Natural Language Processing: Volume 2-Volume 2},
  pages={638--647},
  year={2009},
  organization={Association for Computational Linguistics}
}

@article{landauer1997solution,
  title={A solution to Plato's problem: The latent semantic analysis theory of acquisition, induction, and representation of knowledge.},
  author={Landauer, Thomas K and Dumais, Susan T},
  journal={Psychological Review},
  volume={104},
  number={2},
  pages={211},
  year={1997},
  publisher={American Psychological Association}
}


@inproceedings{reichartimproved,
  title={Improved Lexical Acquisition through DPP-based Verb Clustering},
  author={Reichart, Roi and Korhonen, Anna},
  booktitle={Proceedings of the Conference of the Association for Computational Linguistics (ACL)},
  year={2013},
  organization={Association for Computational Linguistics}
}

@article{budanitsky2006evaluating,
  title={Evaluating wordnet-based measures of lexical semantic relatedness},
  author={Budanitsky, Alexander and Hirst, Graeme},
  journal={Computational Linguistics},
  volume={32},
  number={1},
  pages={13--47},
  year={2006},
  publisher={MIT Press}
}

@article{lewis2004rcv1,
  title={Rcv1: A new benchmark collection for text categorization research},
  author={Lewis, David D and Yang, Yiming and Rose, Tony G and Li, Fan},
  journal={The Journal of Machine Learning Research},
  volume={5},
  pages={361--397},
  year={2004},
  publisher={JMLR. org}
}

@inproceedings{williams2009predicting,
  title={Predicting the Polarity Strength of Adjectives Using WordNet.},
  author={Williams, Gbolahan K and Anand, Sarabjot Singh},
  booktitle={ICWSM},
  year={2009}
}

@inproceedings{wiebe2000learning,
  title={Learning subjective adjectives from corpora},
  author={Wiebe, Janyce},
  booktitle={AAAI/IAAI},
  pages={735--740},
  year={2000}
}

@book{cruse1986lexical,
  title={Lexical semantics},
  author={Cruse, D Alan},
  year={1986},
  publisher={Cambridge University Press}
}

@article{rosch1976structural,
  title={Structural bases of typicality effects.},
  author={Rosch, Eleanor and Simpson, Carol and Miller, R Scott},
  journal={Journal of Experimental Psychology: Human perception and performance},
  volume={2},
  number={4},
  pages={491},
  year={1976},
  publisher={American Psychological Association}
}


@article{golub1970singular,
  title={Singular value decomposition and least squares solutions},
  author={Golub, Gene H and Reinsch, Christian},
  journal={Numerische Mathematik},
  volume={14},
  number={5},
  pages={403--420},
  year={1970},
  publisher={Springer}
}

@inproceedings{bird2006nltk,
  title={NLTK: the natural language toolkit},
  author={Bird, Steven},
  booktitle={Proceedings of the COLING/ACL on Interactive presentation sessions},
  pages={69--72},
  year={2006},
  organization={Association for Computational Linguistics}
}


@article{recchia2009more,
  title={More data trumps smarter algorithms: Comparing pointwise mutual information with latent semantic analysis},
  author={Recchia, Gabriel and Jones, Michael N},
  journal={Behavior research methods},
  volume={41},
  number={3},
  pages={647--656},
  year={2009},
  publisher={Springer}
}


@inproceedings{gershmanmetaphor,
  title={Metaphor Detection with Cross-Lingual Model Transfer},
  author={Gershman, Yulia Tsvetkov Leonid Boytsov Anatole and Dyer, Eric Nyberg Chris},
  booktitle={Proceedings of ACL},
  year={2014}
}

@incollection{sun2008verb,
  title={Verb class discovery from rich syntactic data},
  author={Sun, Lin and Korhonen, Anna and Krymolowski, Yuval},
  booktitle={Computational linguistics and intelligent text processing},
  pages={16--27},
  year={2008},
  publisher={Springer}
}



@inproceedings{levy2015supervised,
  title={Do Supervised Distributional Methods Really Learn Lexical Inference Relations?},
  author={Levy, Omer and Remus, Steffen and Biemann, Chris and Dagan, Ido},
  booktitle={Proceedings of the 2015 Conference of the North American Chapter of the Association for Computational Linguistics {\^a} AS Human Language Technologies (NAACL HLT 2015), Denver, CO},
  year={2015}
}



@inproceedings{levy2014dependency,
  title={Dependency-Based Word Embeddings},
  author={Levy, Omer and Goldberg, Yoav},
  booktitle={Proceedings of the 52nd Annual Meeting of the Association for Computational Linguistics},
  volume={2},
  year={2014}
}

@article{hochreiter1997long,
  title={Long short-term memory},
  author={Hochreiter, Sepp and Schmidhuber, J{\"u}rgen},
  journal={Neural computation},
  volume={9},
  number={8},
  pages={1735--1780},
  year={1997},
  publisher={MIT Press}
}


@InProceedings{iyyer2015deep,
  author={Iyyer, Mohit and Manjunatha, Varun and Boyd-Graber, Jordan and III, Hal Daum{\'e}},
  title={Deep Unordered Composition Rivals Syntactic Methods for Text Classification},
  booktitle = {Proceedings of the Association for Computational Linguistics},
  year={2015},
}

@article{harris,
  title={Distributional Structure},
  author={Harris, Zellig S},
  journal={Word},
  volume={10},
  number={2-3},
  pages={146-162},
  year={1954}
}

@inbook{dist,
  author    = {Firth, J, R.},
  title     = {A synopsis of linguistic theory 1930-1955},
  booktitle = {Studies in Linguistic Analysis},
  pages = {1-32},
  publisher = {Oxford: Philological Society},
  year      = {1957},
}



@inproceedings{Klementiev,
  title={Inducing Crosslingual Distributed Representations of Words},
  author={A. Klementiev and I. Titov and B. Bhattarai},
  booktitle={Proceedings of COLING},
  year={2012}
}
@inproceedings{Agirre2009,
 author = {Eneko Agirre and Enrique Alfonseca and Keith Hall and Jana Kravalova and Marius Pasca and Aitor Soroa},
 title = {A Study on Similarity and Relatedness Using Distributional and WordNet-based Approaches},
 booktitle = {Proceedings of NAACL-HLT 2009},
 year = 2009,
}

@inproceedings{mnih2009scalable,
  title={A scalable hierarchical distributed language model},
  author={Mnih, Andriy and Hinton, Geoffrey E},
  booktitle={Advances in Neural Information Processing Systems},
  pages={1081--1088},
  year={2009}
}



%Aigaion2 BibTeX export from LISA - Publications
%Wednesday 17 December 2014 05:56:59 AM

@MISC{Bastien-Theano-2012,
        author = {Bastien, Fr{\'{e}}d{\'{e}}ric and Lamblin, Pascal and Pascanu, Razvan and +, James and Goodfellow, Ian J. and Bergeron, Arnaud and Bouchard, Nicolas and Bengio, Yoshua},
         title = {Theano: new features and speed improvements},
          year = {2012},
  howpublished = {Deep Learning and Unsupervised Feature Learning NIPS 2012 Workshop},
}

@inproceedings{ginsberg2011dr,
  title={DR. {FILL}: Crosswords and an Implemented Solver for Singly Weighted {CSP}s},
  author={Ginsberg, Matthew L.},
  booktitle={Journal of Artificial Intelligence Research},
  pages={851--886},
  year={2011}
}

@article{littman2002probabilistic,
  title={A probabilistic approach to solving crossword puzzles},
  author={Littman, Michael L. and Keim, Greg A. and Shazeer, Noam},
  journal={Artificial Intelligence},
  volume={134},
  number={1},
  pages={23--55},
  year={2002},
  publisher={Elsevier}
}

@inproceedings{ferrucci2010building,
  title={Building {W}atson: An overview of the {DeepQA} project},
  author={Ferrucci, David and Brown, Eric and Chu-Carroll, Jennifer and Fan,
      James and Gondek, David and Kalyanpur, Aditya A. and Lally, Adam and
          Murdock, J. William and Nyberg, Eric and Prager, John and Schlaefer, Nico and Welty, Chris},
  booktitle={{AI} magazine},
  volume={31(3)},
  pages={59--79},
  year={2010}
}


@inproceedings{Iyyer:Boyd-Graber:Claudino:Socher:Daume-2014,
	                    	Title = {A Neural Network for Factoid Question Answering over Paragraphs},
	                        Author = {Mohit Iyyer and Jordan Boyd-Graber and Leonardo Claudino and Richard Socher and Hal {Daum\'e III}},
	                        Booktitle = {Proceedings of EMNLP},
	                        Year = {2014}
	                    }
	                

@article{molla2007question,
  title={Question answering in restricted domains: An overview},
  author={Moll{\'a}, Diego and Vicedo, Jos{\'e} Luis},
  journal={Computational Linguistics},
  volume={33},
  number={1},
  pages={41--61},
  year={2007},
  publisher={MIT Press}
}



@inproceedings{berant14paraphrasing,
  author = {Berant, Jonathan and Liang, Percy},
  booktitle = {Proceedings of the Association for Computational Linguistics},
  title = {Semantic Parsing via Paraphrasing},
  year = {2014},
}

@inproceedings{307754,
  author = "Vulic, Ivan and De Smet, Wim and Moens, Marie-Francine",
  title = "Identifying word translations from comparable corpora using latent topic models",
  booktitle = "Proceedings of the Association for Computational Linguistics",
  year = "2011"
}


@article{faruqui2014retrofitting,
  title={Retrofitting word vectors to semantic lexicons},
  author={Faruqui, Manaal and Dodge, Jesse and Jauhar, Sujay K. and Dyer, Chris and Hovy, Eduard and Smith, Noah A.},
  journal={Proceedings of the North American Chapter of the Association for Computational Linguistics},
  year={2014}
}


@article{bilac2003improving,
  title={Improving dictionary accessibility by maximizing use of available knowledge},
  author={Bilac, Slaven and Baldwin, Timothy and Tanaka, Hozumi},
  journal={{T}raitement {A}utomatique des {L}angues},
  volume={44},
  number={2},
  pages={199--224},
  year={2003}
}



@misc{beefermanonelook,
  title={Onelook Reverse Dictionary (2013)},
  author={Beeferman, D},
  url={http://www.onelook.com/},
  year = {2003}
}


@inproceedings{zock2004word,
  title={Word Lookup on the Basis of Associations: From an Idea to a Roadmap},
  author={Zock, Michael and Bilac, Slaven},
  booktitle={Proceedings of the ACL Workshop on Enhancing and Using Electronic Dictionaries},
  year={2004}
}

@inproceedings{bilac2004dictionary,
  title={Dictionary search based on the target word description},
  author={Bilac, Slaven and Watanabe, Wataru and Hashimoto, Taiichi and Tokunaga, Takenobu and Tanaka, Hozumi},
  booktitle={Proceedings of NLP 2014},
  year={2004}
}

@article{shaw2013building,
  title={Building a scalable database-driven reverse dictionary},
  author={Shaw, Ryan and Datta, Anindya and VanderMeer, Debra and Dutta, Kaushik},
  journal={Knowledge and Data Engineering, IEEE Transactions on},
  volume={25},
  number={3},
  pages={528--540},
  year={2013},
  publisher={IEEE}
}

@inproceedings{zeiler2012adadelta,
  title={ADADELTA: An Adaptive Learning Rate Method},
  author={Zeiler, Matthew D.},
  booktitle={arXiv preprint arXiv:1212.5701},
  year={2012}
}



@article{turney2012domain,
  title={Domain and Function: A Dual-Space Model of Semantic Relations and Compositions},
  author={Turney, Peter D},
  journal={Journal of Artificial Intelligence Research},
  volume={44},
  pages={533--585},
  year={2012}
}

@article{blei2012probabilistic,
  title={Probabilistic topic models},
  author={Blei, David M},
  journal={Communications of the ACM},
  volume={55},
  number={4},
  pages={77--84},
  year={2012},
  publisher={ACM}
}


@inproceedings{Cho2014,
    author = {Kyunghyun Cho and Bart van Merrienboer and Caglar Gulcehre and Fethi
        Bougares and Holger Schwenk and Yoshua Bengio},
    title = {Learning Phrase Representations using {RNN} Encoder-Decoder for
        Statistical Machine Translation},
    booktitle = {Proceedings of EMNLP},
    year = 2014
}

@inproceedings{bahdanau2014neural,
  title={Neural machine translation by jointly learning to align and translate},
  author={Bahdanau, Dzmitry and Cho, Kyunghyun and Bengio, Yoshua},
  booktitle={Proceeding of ICLR},
  year={2015}
}

@article{kiros2014unifying,
  title={Unifying visual-semantic embeddings with multimodal neural language models},
  author={Kiros, Ryan and Salakhutdinov, Ruslan and Zemel, Richard S.},
  journal={Transactions of the Association for Computational Linguistics},
  year={2015},
  note={to appear}
}

@inproceedings{mikolov2010recurrent,
  title={Recurrent neural network based language model.},
  author={Mikolov, Tomas and Karafi{\'a}t, Martin and Burget, Lukas and Cernock{\`y}, Jan and Khudanpur, Sanjeev},
  booktitle={Proceedings of INTERSPEECH 2010},
  year={2010}
}

@article{schmidhuber1989local,
  title={A local learning algorithm for dynamic feedforward and recurrent networks},
  author={Schmidhuber, Jurgen},
  journal={Connection Science},
  volume={1},
  number={4},
  pages={403--412},
  year={1989},
  publisher={Taylor \& Francis}
}

@inproceedings{Cho2014a,
    author = {Cho, Kyunghyun and van Merri\"enboer, Bart and Bahdanau, Dzmitry and Bengio, Yoshua},
    title = {On the Properties of Neural Machine Translation: {E}ncoder--{D}ecoder Approaches},
    year      = 2014,
    booktitle     = {Eighth Workshop on Syntax, Semantics and Structure in Statistical Translation},
}



@article{Jean,
  title={On Using Very Large Target Vocabulary for Neural Machine Translation},
  author={Jean,Sébastien and Cho, Kyunghyun and Memisevic, Roland and Bengio, Yoshua},
  journal={Proceedings of ALC},
  year={2015}
}







@article{luong2014addressing,
  title={Addressing the Rare Word Problem in Neural Machine Translation},
  author={Luong, Thang and Sutskever, Ilya and Le, Quoc V and Vinyals, Oriol and Zaremba, Wojciech},
  journal={Proceedings of the Association for Computational Linguistics},
  year={2015}
}

@inproceedings{devlin2014fast,
  title={Fast and robust neural network joint models for statistical machine translation},
  author={Devlin, Jacob and Zbib, Rabih and Huang, Zhongqiang and Lamar, Thomas and Schwartz, Richard and Makhoul, John},
  booktitle={Proceedings of the Association for Computational Linguistics},
  year={2014}
}


@inproceedings{hermann2013multilingual,
  title={Multilingual distributed representations without word alignment},
  author={Hermann, Karl Moritz and Blunsom, Phil},
  booktitle={Proceedings of ICLR},
  year={2013}
}

@inproceedings{gouws2014bilbowa,
  title={{BilBOWA}: Fast Bilingual Distributed Representations without Word Alignments},
  author={Gouws, Stephan and Bengio, Yoshua and Corrado, Greg},
  booktitle={Proceedings of NIPS Deep Learning Workshop},
  year={2014}
}

@inproceedings{lauly2014autoencoder,
  title={An Autoencoder Approach to Learning Bilingual Word Representations},
  author={Chandar, Sarath and Lauly, Stanislas and Larochelle, Hugo and Khapra, Mitesh and Ravindran, Balaraman and Raykar, Vikas C. and Saha, Amrita},
  booktitle={Advances in Neural Information Processing Systems},
  pages={1853--1861},
  year={2014}
}



@article{rush2015neural,
  title={A Neural Attention Model for Abstractive Sentence Summarization},
  author={Rush, Alexander M and Chopra, Sumit and Weston, Jason},
  journal={Proceedings of EMNLP},
  year={2015}
}
@article{weston2015towards,
  title={Towards AI-complete question answering: a set of prerequisite toy tasks},
  author={Weston, Jason and Bordes, Antoine and Chopra, Sumit and Mikolov, Tomas},
  journal={arXiv preprint arXiv:1502.05698},
  year={2015}
}

@article{williams1992simple,
  title={Simple statistical gradient-following algorithms for connectionist reinforcement learning},
  author={Williams, Ronald J},
  journal={Machine learning},
  volume={8},
  number={3-4},
  pages={229--256},
  year={1992},
  publisher={Springer}
}

@article{bordes2015large,
  title={Large-scale Simple Question Answering with Memory Networks},
  author={Bordes, Antoine and Usunier, Nicolas and Chopra, Sumit and Weston, Jason},
  journal={arXiv preprint arXiv:1506.02075},
  year={2015}
}

@inproceedings{xu2015show,
  title={Show, attend and tell: Neural image caption generation with visual attention},
  author={Xu, Kelvin and Ba, Jimmy and Kiros, Ryan and Courville, Aaron and Salakhutdinov, Ruslan and Zemel, Richard and Bengio, Yoshua},
  booktitle={Proceedings of the International Conference on Machine Learning (ICML'15)},
  url={http://arxiv.org/abs/1502.03044},
  year={2015}
}

@inproceedings{nips15_hermann,
author = {Karl Moritz Hermann and Tom\'a\v{s} Ko\v{c}isk\'y and Edward Grefenstette and Lasse Espeholt and Will Kay and Mustafa Suleyman and Phil Blunsom},
title = {Teaching Machines to Read and Comprehend},
url = {http://arxiv.org/abs/1506.03340},
booktitle = "Advances in Neural Information Processing Systems (NIPS)",
year = "2015",
}

@article{weston2014memory,
  title={Memory networks},
  author={Weston, Jason and Chopra, Sumit and Bordes, Antoine},
  journal={Proceedings of ICLR},
  year={2015}
}



@article{sukhbaatar2015end,
  title={End-To-End Memory Networks},
  author={Sukhbaatar, Sainbayar and Szlam, Arthur and Weston, Jason and Fergus, Rob},
  journal={Proceedings of NIPS},
  year={2015}
}

@inproceedings{graves2008unconstrained,
  title={Unconstrained on-line handwriting recognition with recurrent neural networks},
  author={Graves, Alex and Liwicki, Marcus and Bunke, Horst and Schmidhuber, J{\"u}rgen and Fern{\'a}ndez, Santiago},
  booktitle={Advances in Neural Information Processing Systems},
  pages={577--584},
  year={2008}
}


@article{luong2015effective,
  title={Effective Approaches to Attention-based Neural Machine Translation},
  author={Luong, Minh-Thang and Pham, Hieu and Manning, Christopher D},
  journal={Proceedings of EMNLP},
  year={2015}
}

@inproceedings{Heafield-estimate,
  author = {Kenneth Heafield and Ivan Pouzyrevsky and Jonathan H. Clark and Philipp Koehn},
  title = {Scalable Modified {Kneser-Ney} Language Model Estimation},
  year = {2013},
  month = {August},
  booktitle = {Proceedings of the 51st Annual Meeting of the Association for Computational Linguistics},
  address = {Sofia, Bulgaria},
  pages = {690--696}
}

@article{weston2010large,
  title={Large scale image annotation: learning to rank with joint word-image embeddings},
  author={Weston, Jason and Bengio, Samy and Usunier, Nicolas},
  journal={Machine learning},
  volume={81},
  number={1},
  pages={21--35},
  year={2010},
  publisher={Springer}
}

@article{bengio1994learning,
  title={Learning long-term dependencies with gradient descent is difficult},
  author={Bengio, Yoshua and Simard, Patrice and Frasconi, Paolo},
  journal={Neural Networks, IEEE Transactions on},
  volume={5},
  number={2},
  pages={157--166},
  year={1994},
  publisher={IEEE}
}

@article{binder2011neurobiology,
  title={The neurobiology of semantic memory},
  author={Binder, Jeffrey R and Desai, Rutvik H},
  journal={Trends in cognitive sciences},
  volume={15},
  number={11},
  pages={527--536},
  year={2011},
  publisher={Elsevier}
}

@inproceedings{richardson2013mctest,
  title={MCTest: A Challenge Dataset for the Open-Domain Machine Comprehension of Text},
  author={Richardson, Matthew and Burges, Christopher JC and Renshaw, Erin},
  booktitle={EMNLP},
  volume={1},
  pages={2},
  year={2013}
}

@inproceedings{goldilocks,
  title={Goldilocks and the Three Bears},
  author={Hassall, John},
  booktitle={The Old Nursery Stories and Rhymes},
  publisher={Blackie \& Son: London},
  year={1904}
}

@inproceedings{wan2013regularization,
  title={Regularization of neural networks using dropconnect},
  author={Wan, Li and Zeiler, Matthew and Zhang, Sixin and Cun, Yann L and Fergus, Rob},
  booktitle={Proceedings of the 30th International Conference on Machine Learning (ICML-13)},
  pages={1058--1066},
  year={2013}
}

@inproceedings{Sutskever2014sequence,
  title={Sequence to sequence learning with neural networks},
  author={Sutskever, Ilya and Vinyals, Oriol and Le, Quoc VV},
  booktitle={Advances in neural information processing systems},
  pages={3104-3112},
  year={2014}
}

@article{hinton2012improving,
  title={Improving neural networks by preventing co-adaptation of feature detectors},
  author={Hinton, Geoffrey E and Srivastava, Nitish and Krizhevsky, Alex and Sutskever, Ilya and Salakhutdinov, Ruslan R},
  journal={arXiv preprint arXiv:1207.0580},
  year={2012}
}


@inproceedings{manning2014stanford,
  title={The Stanford CoreNLP natural language processing toolkit},
  author={Manning, Christopher D and Surdeanu, Mihai and Bauer, John and Finkel, Jenny and Bethard, Steven J and McClosky, David},
  booktitle={Proceedings of 52nd Annual Meeting of the Association for Computational Linguistics: System Demonstrations},
  pages={55--60},
  year={2014}
}

@book{hart1971project,
  title={Project gutenberg},
  author={Hart, Michael},
  year={1971},
  publisher={Project Gutenberg}
}


@article{altmann1988interaction,
  title={Interaction with context during human sentence processing},
  author={Altmann, Gerry and Steedman, Mark},
  journal={Cognition},
  volume={30},
  number={3},
  pages={191--238},
  year={1988},
  publisher={Elsevier}
}

@article{elman1990finding,
  title={Finding structure in time},
  author={Elman, Jeffrey L},
  journal={Cognitive science},
  volume={14},
  number={2},
  pages={179--211},
  year={1990},
  publisher={Elsevier}
}

@article{graves2014neural,
  title={Neural Turing Machines},
  author={Graves, Alex and Wayne, Greg and Danihelka, Ivo},
  journal={arXiv preprint arXiv:1410.5401},
  year={2014}
}

@article{bengio2003neural,
  title={A neural probabilistic language model},
  author={Bengio, Yoshua and Ducharme, R{\'e}jean and Vincent, Pascal and Janvin, Christian},
  journal={The Journal of Machine Learning Research},
  volume={3},
  pages={1137--1155},
  year={2003},
  publisher={JMLR. org}
}


@article{grefenstette2015learning,
  title={Learning to transduce with unbounded memory},
  author={Grefenstette, Edward and Hermann, Karl Moritz and Suleyman, Mustafa and Blunsom, Phil},
  journal={NIPS},
  year={2015}
}

@inproceedings{mikolov2011extensions,
  title={Extensions of recurrent neural network language model},
  author={Mikolov, Tom{\'a}{\v{s}} and Kombrink, Stefan and Burget, Luk{\'a}{\v{s}} and {\v{C}}ernock{\`y}, Jan Honza and Khudanpur, Sanjeev},
  booktitle={Acoustics, Speech and Signal Processing (ICASSP), 2011 IEEE International Conference on},
  pages={5528--5531},
  year={2011},
  organization={IEEE}
}


@inproceedings{mikolov2012context,
  title={Context dependent recurrent neural network language model.},
  author={Mikolov, Tomas and Zweig, Geoffrey},
  booktitle={SLT},
  pages={234--239},
  year={2012}
}

@article{kumar2015ask,
  title={Ask Me Anything: Dynamic Memory Networks for Natural Language Processing},
  author={Kumar, Ankit and Irsoy, Ozan and Su, Jonathan and Bradbury, James and English, Robert and Pierce, Brian and Ondruska, Peter and Gulrajani, Ishaan and Socher, Richard},
  journal={http://arxiv.org/abs/1506.07285},
  year={2015}
}

@article{baayen1996word,
  title={Word frequency distributions and lexical semantics},
  author={Baayen, R Harald and Lieber, Rochelle},
  journal={Computers and the Humanities},
  volume={30},
  number={4},
  pages={281--291},
  year={1996},
  publisher={Springer}
}

@inproceedings{dyer2015transition,
  title={Transition-based dependency parsing with stack long short-term memory},
  author={Dyer, Chris and Ballesteros, Miguel and Ling, Wang and Matthews, Austin and Smith, Noah A},
  booktitle={Proceedings of the Annual Meeting of the Association for Computational Linguistics},
  year={2015}
}

@article{joulin2015inferring,
  title={Inferring Algorithmic Patterns with Stack-Augmented Recurrent Nets},
  author={Joulin, Armand and Mikolov, Tomas},
  journal={NIPS},
  year={2015}
}

@techreport{zweig2011microsoft,
  title={The Microsoft Research sentence completion challenge},
  author={Zweig, Geoffrey and Burges, Christopher JC},
  year={2011},
  institution={Technical Report MSR-TR-2011-129, Microsoft}
}

@article{kuhn1990cache,
  title={A cache-based natural language model for speech recognition},
  author={Kuhn, Roland and De Mori, Renato},
  journal={Pattern Analysis and Machine Intelligence, IEEE Transactions on},
  volume={12},
  number={6},
  pages={570--583},
  year={1990},
  publisher={IEEE}
}


@article{harris,
  title={Distributional Structure},
  author={Harris, Zellig S},
  journal={Word},
  volume={10},
  number={2-3},
  pages={146-162},
  year={1954}
}


@InProceedings{Hermann:2014:ICLR,
  author    = {Hermann, Karl Moritz and Blunsom, Phil},
  title     = {{Multilingual Distributed Representations without Word Alignment}},
  booktitle = {Proceedings of ICLR},
  year      = {2014}
}



%Aigaion2 BibTeX export from LISA - Publications
%Wednesday 17 December 2014 05:56:59 AM

@MISC{Bastien-Theano-2012,
        author = {Bastien, Fr{\'{e}}d{\'{e}}ric and Lamblin, Pascal and Pascanu, Razvan and Bergstra, James and Goodfellow, Ian J. and Bergeron, Arnaud and Bouchard, Nicolas and Bengio, Yoshua},
         title = {Theano: new features and speed improvements},
          year = {2012},
  howpublished = {Deep Learning and Unsupervised Feature Learning NIPS 2012 Workshop},
      abstract = {Theano is a linear algebra compiler that optimizes a userâ€™s symbolically-speciï¬ed
mathematical computations to produce efï¬cient low-level implementations. In
this paper, we present new features and efï¬ciency improvements to Theano, and
benchmarks demonstrating Theanoâ€™s performance relative to Torch7, a recently
introduced machine learning library, and to RNNLM, a C++ library targeted at
recurrent neural networks.}
}

@InProceedings{Bengio+Senecal-2003-small,
  author =       {Yoshua Bengio and Jean-S\'ebastien S\'en\'ecal},
  booktitle =    {Proceedings of AISTATS 2003},
  title =        {Quick Training of Probabilistic Neural Nets by
                 Importance Sampling},
  year =         {2003},
}

@INPROCEEDINGS{bergstra+al:2010-scipy,
     author = {Bergstra, James and Breuleux, Olivier and Bastien, Fr{\'{e}}d{\'{e}}ric and Lamblin, Pascal and Pascanu, Razvan and Desjardins, Guillaume and Turian, Joseph and Warde-Farley, David and Bengio, Yoshua},
      month = jun,
      title = {Theano: a {CPU} and {GPU} Math Expression Compiler},
  booktitle = {Proceedings of the Python for Scientific Computing Conference ({SciPy})},
       year = {2010},
   location = {Austin, TX},
       note = {Oral Presentation},
   abstract = {Theano is a compiler for mathematical expressions in Python that combines the convenience of NumPyâ€™s syntax with the speed of optimized native machine language. The user composes mathematical expressions in a high-level description that mimics NumPyâ€™s syntax and semantics, while being statically typed and
functional (as opposed to imperative). These expressions allow Theano to provide symbolic differentiation. Before performing computation, Theano optimizes the choice of expressions, translates
them into C++ (or CUDA for GPU), compiles them into dynamically loaded Python modules, all automatically. Common machine learning algorithms implemented with Theano are from 1.6Ã— to 7.5Ã— faster than competitive alternatives (including those implemented with C/C++, NumPy/SciPy and MATLAB) when compiled for the
CPU and between 6.5Ã— and 44Ã— faster when compiled for the GPU. This paper illustrates how to use Theano, outlines the scope of the compiler, provides benchmarks on both CPU and GPU processors, and explains its overall design.}
}

@inproceedings{yong1999case,
  title={A case study on inter-annotator agreement for word sense disambiguation},
  author={Yong, Chung and Foo, Shou King},
  booktitle={Proceedings of the {ACL} {SIGLEX} Workshop on Standardizing Lexical Resources {(SIGLEX99)}},
  year={1999}
}

@article{cunningham2005information,
  title={Information extraction, automatic},
  author={Cunningham, Hamish},
  journal={Encyclopedia of language and linguistics,},
  pages={665--677},
  year={2005}
}

@article{bernardi2013relatedness,
  title={A relatedness benchmark to test the role of determiners in compositional distributional semantics},
  author={Bernardi, Raffaella and Dinu, Georgiana and Marelli, Marco and Baroni, Marco},
  journal={Proceedings of ACL},
  year={2013}
}

@inproceedings{resnik1995using,
  title={Using information content to evaluate semantic similarity in a taxonomy},
  author={Resnik, Philip},
  booktitle={Proceedings of IJCAI},
  year={1995}
}

@article{griffiths2007topics,
  title={Topics in semantic representation.},
  author={Griffiths, Thomas L and Steyvers, Mark and Tenenbaum, Joshua B},
  journal={Psychological review},
  volume={114},
  number={2},
  pages={211},
  year={2007},
  publisher={American Psychological Association}
}

@inproceedings{bruni2012distributional2,
  title={Distributional semantics with eyes: Using image analysis to improve computational representations of word meaning},
  author={Bruni, Elia and Uijlings, Jasper and Baroni, Marco and Sebe, Nicu},
  booktitle={Proceedings of the 20th ACM international conference on Multimedia},
  year={2012},
  organization={ACM}
}


@inproceedings{hassan2011semantic,
  title={Semantic Relatedness Using Salient Semantic Analysis.},
  author={Hassan, Samer and Mihalcea, Rada},
  booktitle={AAAI},
  year={2011}
}


@incollection{alfonseca2002extending,
  title={Extending a lexical ontology by a combination of distributional semantics signatures},
  author={Alfonseca, Enrique and Manandhar, Suresh},
  booktitle={Knowledge Engineering and Knowledge Management: Ontologies and the Semantic Web},
  pages={1--7},
  year={2002},
  publisher={Springer}
}


@inproceedings{reisinger2010mixture,
  title={A mixture model with sharing for lexical semantics},
  author={Reisinger, Joseph and Mooney, Raymond},
  booktitle={Proceedings of EMNLP},
  pages={1173--1182},
  year={2010},
  organization={Association for Computational Linguistics}
}


@inproceedings{kielaimproving,
  title={Improving Multi-Modal Representations Using Image Dispersion: Why Less is Sometimes More},
  author={Kiela, Douwe and Hill, Felix and Korhonen, Anna and Clark, Stephen},
  booktitle={Proceedings of ACL},
  year={2014},
  organization={ACL}
}

@InProceedings{pado2007flexible,
  author    = {Pad\'o, Sebastian  and  Pad\'o, Ulrike  and  Erk, Katrin},
  title     = {Flexible, Corpus-Based Modelling of Human Plausibility Judgements},
  booktitle = {Proceedings of EMNLP-CoNLL},
  month     = {June},
  year      = {2007},
  address   = {Prague, Czech Republic},
  publisher = {Association for Computational Linguistics},
  pages     = {400--409},
}

@inproceedings{bansal2014tailoring,
  title={Tailoring Continuous Word Representations for Dependency Parsing},
  author={Bansal, Mohit and Gimpel, Kevin and Livescu, Karen},
  booktitle={Proceedings of ACL},
  year={2014}
}

@article{hill2013concreteness,
  title={Concreteness and Corpora: A Theoretical and Practical Analysis},
  author={Hill, Felix and Kiela, Douwe and Korhonen, Anna},
  journal={CMCL 2013},
  pages={75},
  year={2013}
}

@article{hill2014multi,
  title={Multi-Modal Models for Concrete and Abstract Concept Meaning},
  author={Hill, Felix and Reichart, Roi and Korhonen, Anna},
  journal={Transactions of the Association for Computational Linguistics (TACL)},
  year={2014}
}

@article{luong2013better,
  title={Better word representations with recursive neural networks for morphology},
  author={Luong, Minh-Thang and Socher, Richard and Manning, Christopher D},
  journal={CoNLL-2013},
  volume={104},
  year={2013}
}


@inproceedings{rose2002reuters,
  title={The Reuters Corpus Volume 1-from Yesterday's News to Tomorrow's Language Resources.},
  author={Rose, Tony and Stevenson, Mark and Whitehead, Miles},
  booktitle={LREC},
  volume={2},
  pages={827--832},
  year={2002}
}

@inproceedings{phan2008learning,
  title={Learning to classify short and sparse text \& web with hidden topics from large-scale data collections},
  author={Phan, Xuan-Hieu and Nguyen, Le-Minh and Horiguchi, Susumu},
  booktitle={Proceedings of the 17th international conference on World Wide Web},
  pages={91--100},
  year={2008},
  organization={ACM}
}

@article{navigli2009word,
  title={Word sense disambiguation: A survey},
  author={Navigli, Roberto},
  journal={ACM Computing Surveys (CSUR)},
  volume={41},
  number={2},
  pages={10},
  year={2009},
  publisher={ACM}
}

@inproceedings{beltagysemantic,
  title={Semantic Parsing using Distributional Semantics and Probabilistic Logic},
  author={Beltagy, Islam and Erk, Katrin and Mooney, Raymond},
  booktitle={ACL 2014 Workshop on Semantic Parsing},
  year={2014}
}


@inproceedings{kiela2014systematic,
  title={A Systematic Study of Semantic Vector Space Model Parameters},
  author={Kiela, Douwe and Clark, Stephen},
  booktitle={Proceedings of the 2nd Workshop on Continuous Vector Space Models and their Compositionality (CVSC)@ EACL},
  pages={21--30},
  year={2014}
}

@inproceedings{wu1994verbs,
  title={Verbs semantics and lexical selection},
  author={Wu, Zhibiao and Palmer, Martha},
  booktitle={Proceedings of ACL},
  pages={133--138},
  year={1994},
  organization={Association for Computational Linguistics}
}


@incollection{mcrae2012semantic,
  author      = {McRae, Ken and Khalkhali, Saman and Hare, Mary},
  title       = {Semantic and associative relations in adolescents and young adults: Examining a tenuous dichotomy.},
  editor      = {Reyna, Valerie F and Chapman, Sandra B and Dougherty, Michael R and Confrey, Jere Ed},
  booktitle   = {The adolescent brain: Learning, reasoning, and decision making.},
  publisher   = {American Psychological Association},
  year        = {2012}
}

@inproceedings{plaut1995semantic,
  title={Semantic and associative priming in a distributed attractor network},
  author={Plaut, David C},
  booktitle={Proceedings of CogSci},
  volume={17},
  pages={37--42},
  year={1995}
}

@article{narasimhan2015language,
  title={Language understanding for text-based games using deep reinforcement learning},
  author={Narasimhan, Karthik and Kulkarni, Tejas and Barzilay, Regina},
  journal={Proceedings of EMNLP},
  year={2015}
}

@article{resnik201011,
  title={11 Evaluation of NLP Systems},
  author={Resnik, Philip and Lin, Jimmy},
  journal={The handbook of computational linguistics and natural language processing},
  volume={57},
  pages={271},
  year={2010},
  publisher={John Wiley \& Sons}
}

@article{mnih2015human,
  title={Human-level control through deep reinforcement learning},
  author={Mnih, Volodymyr and Kavukcuoglu, Koray and Silver, David and Rusu, Andrei A and Veness, Joel and Bellemare, Marc G and Graves, Alex and Riedmiller, Martin and Fidjeland, Andreas K and Ostrovski, Georg and others},
  journal={Nature},
  volume={518},
  number={7540},
  pages={529--533},
  year={2015},
  publisher={Nature Publishing Group}
}


@article{turney2010frequency,
  title={From frequency to meaning: Vector space models of semantics},
  author={Turney, Peter D and Pantel, Patrick},
  journal={Journal of artificial intelligence research},
  volume={37},
  number={1},
  pages={141--188},
  year={2010}
}

@incollection{li2014obtaining,
  title={Obtaining Better Word Representations via Language Transfer},
  author={Li, Changliang and Xu, Bo and Wu, Gaowei and Wang, Xiuying and Ge, Wendong and Li, Yan},
  booktitle={Computational Linguistics and Intelligent Text Processing},
  pages={128--137},
  year={2014},
  publisher={Springer}
}

@article{rubenstein1965contextual,
  title={Contextual correlates of synonymy},
  author={Rubenstein, Herbert and Goodenough, John B},
  journal={Communications of the ACM},
  volume={8},
  number={10},
  pages={627--633},
  year={1965},
  publisher={ACM}
}


@article{baroni2010distributional,
  title={Distributional memory: A general framework for corpus-based semantics},
  author={Baroni, Marco and Lenci, Alessandro},
  journal={Computational Linguistics},
  volume={36},
  number={4},
  pages={673--721},
  year={2010},
  publisher={MIT Press}
}


@article{medelyan2009mining,
  title={Mining meaning from Wikipedia},
  author={Medelyan, Olena and Milne, David and Legg, Catherine and Witten, Ian H},
  journal={International Journal of Human-Computer Studies},
  volume={67},
  number={9},
  pages={716--754},
  year={2009},
  publisher={Elsevier}
}


@inproceedings{reisinger2010multi,
  title={Multi-prototype vector-space models of word meaning},
  author={Reisinger, Joseph and Mooney, Raymond J},
  booktitle={Human Language Technologies: The 2010 Annual Conference of the North American Chapter of the Association for Computational Linguistics},
  pages={109--117},
  year={2010},
  organization={Association for Computational Linguistics}
}


@inproceedings{collobert2008unified,
  title={A unified architecture for natural language processing: Deep neural networks with multitask learning},
  author={Collobert, Ronan and Weston, Jason},
  booktitle={Proceedings of the 25th international conference on Machine learning},
  pages={160--167},
  year={2008},
  organization={ACM}
}

@inproceedings{Hill2014EMNLP,
    author = {Hill, Felix and Korhonen, Anna},
    title = {Learning Abstract Concepts from Multi-modal Data: Since You Probably Can't See What I Mean},
    booktitle = {Proceedings of the Empirical Methods in Natural Language
        Processing (EMNLP 2014)},
    year = 2014,
    month = oct,
}


@inproceedings{Pennington2014,
    author = {Jeffrey Pennington and Richard Socher and Christopher Manning},
    title = {Glove: Global Vectors for Word Representation},
    booktitle = {Proceedings of the Empirical Methods in Natural Language
        Processing (EMNLP 2014)},
    year = 2014,
    month = oct,
}

@inproceedings{baroni2014don,
  title={Don’t count, predict! A systematic comparison of context-counting vs. context-predicting semantic vectors},
  author={Baroni, Marco and Dinu, Georgiana and Kruszewski, Germ{\'a}n},
  booktitle={Proceedings of the 52nd Annual Meeting of the Association for Computational Linguistics},
  volume={1},
  year={2014}
}


@inproceedings{Cho2014a,
    author = {Cho, Kyunghyun and van Merri\"enboer, Bart and Bahdanau, Dzmitry and Bengio, Yoshua},
    title = {On the Properties of Neural Machine Translation: {E}ncoder--{D}ecoder Approaches},
    year      = 2014,
    month = oct,
    booktitle     = {Eighth Workshop on Syntax, Semantics and Structure in Statistical Translation},
    note = {to appear},
}
    booktitle     = {Eighth Workshop on Syntax, Semantics and Structure in Statistical Translation},


@article{Bengio2003lm,
    author = {Bengio, Yoshua and Ducharme, R{\'e}jean and Vincent, Pascal and Janvin, Christian},
    title = {A Neural Probabilistic Language Model},
    journal = {J. Mach. Learn. Res.},
    volume = {3},
    month = mar,
    year = {2003},
    pages = {1137--1155},
    publisher = {JMLR.org}
} 




@inproceedings{kalchbrenner13emnlp,
  title = "Recurrent Continuous Translation Models",
  author = "Kalchbrenner, Nal and Blunsom, Phil",
  year = "2013",
  address = "Seattle",
  booktitle = "Proceedings of the 2013 Conference on Empirical Methods in Natural Language Processing",
  month = "October",
  publisher = "Association for Computational Linguistics",
}

@inproceedings{faruqui2014improving,
  title={Improving vector space word representations using multilingual correlation},
  author={Faruqui, Manaal and Dyer, Chris},
  booktitle={Proceedings of EACL},
  volume={2014},
  year={2014}
}

@inproceedings{Haghighi2008Learning,
  title={Learning Bilingual Lexicons from Monolingual Corpora.},
  author={Haghighi, Aria and Liang, Percy and Berg-Kirkpatrick, Taylor and Klein, Dan},
  booktitle={ACL},
  volume={2008},
  pages={771--779},
  year={2008}
}

@inproceedings{vulic2011identifying,
  title={Identifying word translations from comparable corpora using latent topic models},
  author={Vuli{\'c}, Ivan and De Smet, Wim and Moens, Marie-Francine},
  booktitle={Proceedings of the 49th Annual Meeting of the Association for Computational Linguistics: Human Language Technologies: short papers-Volume 2},
  pages={479--484},
  year={2011},
  organization={Association for Computational Linguistics}
}

@article{mikolov2013exploiting,
  title={Exploiting similarities among languages for machine translation},
  author={Mikolov, Tomas and Le, Quoc V and Sutskever, Ilya},
  journal={CORR},
  year={2013}
}

@InProceedings{Kocisky:2014,
  author    = {Ko\v{c}isk\'{y}, Tom\'{a}\v{s} and Hermann, Karl Moritz and Blunsom, Phil},
  title     = {{Learning Bilingual Word Representations by Marginalizing Alignments}},
  booktitle = {Proceedings of ACL},
  year      = {2014},
  month     ={ jun}
}

@inproceedings{kiros2015skip,
  title={Skip-thought vectors},
  author={Kiros, Ryan and Zhu, Yukun and Salakhutdinov, Ruslan R and Zemel, Richard and Urtasun, Raquel and Torralba, Antonio and Fidler, Sanja},
  booktitle={Advances in Neural Information Processing Systems},
  pages={3276--3284},
  year={2015}
}

@inproceedings{clark2007combining,
  title={Combining Symbolic and Distributional Models of Meaning.},
  author={Clark, Stephen and Pulman, Stephen},
  booktitle={AAAI Spring Symposium: Quantum Interaction},
  pages={52--55},
  year={2007}
}

@inproceedings{sutskever2011generating,
  title={Generating text with recurrent neural networks},
  author={Sutskever, Ilya and Martens, James and Hinton, Geoffrey E},
  booktitle={Proceedings of the 28th International Conference on Machine Learning (ICML-11)},
  pages={1017--1024},
  year={2011}
}

@inproceedings{wang2015learning,
  title={Learning lexical embeddings with syntactic and lexicographic knowledge},
  author={Wang, Tong and Mohamed, Abdel-rahman and Hirst, Graeme},
  booktitle={Proceedings of the 53rd Annual Meeting of the Association for Computational Linguistics},
  volume={2},
  pages={458--463},
  year={2015}
}


@inproceedings{mitchell2008vector,
  title={Vector-based Models of Semantic Composition.},
  author={Mitchell, Jeff and Lapata, Mirella},
  booktitle={ACL},
  pages={236--244},
  year={2008}
}

@article{levy2015improving,
  title={Improving distributional similarity with lessons learned from word embeddings},
  author={Levy, Omer and Goldberg, Yoav and Dagan, Ido},
  journal={Transactions of the Association for Computational Linguistics},
  volume={3},
  pages={211--225},
  year={2015}
}

@article{baroni2014frege,
  title={Frege in space: A program of compositional distributional semantics},
  author={Baroni, Marco and Bernardi, Raffaela and Zamparelli, Roberto},
  journal={Linguistic Issues in Language Technology},
  volume={9},
  year={2014}
}

@article{voorhees2002overview,
  title={Overview of the TREC 2001 question answering track},
  author={Voorhees, Ellen M},
  journal={NIST special publication},
  pages={42--51},
  year={2002},
  publisher={National Institute of Standards and Technology}
}

@inproceedings{Pang+Lee:05a,
   author = {Bo Pang and Lillian Lee},
   title = {Seeing Stars: Exploiting Class Relationships For Sentiment Categorization With Respect To Rating Scales},
   year = {2005},
   pages = {115--124},
   booktitle = {Proceedings of ACL}
}



@inproceedings{ji2013discriminative,
  title={Discriminative Improvements to Distributional Sentence Similarity.},
  author={Ji, Yangfeng and Eisenstein, Jacob},
  booktitle={EMNLP},
  pages={891--896},
  year={2013}
}

@inproceedings{dai2015semi,
  title={Semi-supervised sequence learning},
  author={Dai, Andrew M and Le, Quoc V},
  booktitle={Advances in Neural Information Processing Systems},
  pages={3061--3069},
  year={2015}
}

@article{harris1954distributional,
  title={Distributional structure.},
  author={Harris, Zellig S},
  journal={Word},
  year={1954}
}

@article{hill2015learning,
  title={Learning to Understand Phrases by Embedding the Dictionary},
  author={Hill, Felix and Cho, Kyunghyun and Korhonen, Anna and Bengio, Yoshua},
  journal={Transactions of the Association for Computational Linguistics},
  year={2015}
}

@article{chen2015microsoft,
  title={Microsoft COCO captions: Data collection and evaluation server},
  author={Chen, Xinlei and Fang, Hao and Lin, Tsung-Yi and Vedantam, Ramakrishna and Gupta, Saurabh and Dollar, Piotr and Zitnick, C Lawrence},
  journal={arXiv preprint arXiv:1504.00325},
  year={2015}
}

@article{szegedy2014going,
  title={Going deeper with convolutions},
  author={Szegedy, Christian and Liu, Wei and Jia, Yangqing and Sermanet, Pierre and Reed, Scott and Anguelov, Dragomir and Erhan, Dumitru and Vanhoucke, Vincent and Rabinovich, Andrew},
  journal={arXiv preprint arXiv:1409.4842},
  year={2014}
}

@article{russakovsky2014imagenet,
  title={Imagenet large scale visual recognition challenge},
  author={Russakovsky, Olga and Deng, Jia and Su, Hao and Krause, Jonathan and Satheesh, Sanjeev and Ma, Sean and Huang, Zhiheng and Karpathy, Andrej and Khosla, Aditya and Bernstein, Michael and others},
  journal={International Journal of Computer Vision},
  pages={1--42},
  year={2014},
  publisher={Springer}
}

@inproceedings{socher2011semi,
  title={Semi-supervised recursive autoencoders for predicting sentiment distributions},
  author={Socher, Richard and Pennington, Jeffrey and Huang, Eric H and Ng, Andrew Y and Manning, Christopher D},
  booktitle={Proceedings of the Conference on Empirical Methods in Natural Language Processing},
  pages={151--161},
  year={2011},
  organization={Association for Computational Linguistics}
}

@inproceedings{kalchbrenner2014convolutional,
  title={A convolutional neural network for modelling sentences},
  author={Kalchbrenner, Nal and Grefenstette, Edward and Blunsom, Phil},
  booktitle={Proceedings of EMNLP},
  year={2014}
}


@inproceedings{mikolov2013distributed,
  title={Distributed representations of words and phrases and their compositionality},
  author={Mikolov, Tomas and Sutskever, Ilya and Chen, Kai and Corrado, Greg S and Dean, Jeff},
  booktitle={Advances in neural information processing systems},
  pages={3111--3119},
  year={2013}
}

@inproceedings{dolan2004unsupervised,
  title={Unsupervised construction of large paraphrase corpora: Exploiting massively parallel news sources},
  author={Dolan, Bill and Quirk, Chris and Brockett, Chris},
  booktitle={Proceedings of the 20th international conference on Computational Linguistics},
  pages={350},
  year={2004},
  organization={Association for Computational Linguistics}
}

@inproceedings{pang2005seeing,
  title={Seeing stars: Exploiting class relationships for sentiment categorization with respect to rating scales},
  author={Pang, Bo and Lee, Lillian},
  booktitle={Proceedings of the 43rd Annual Meeting on Association for Computational Linguistics},
  pages={115--124},
  year={2005},
  organization={Association for Computational Linguistics}
}

@inproceedings{hu2004mining,
  title={Mining and summarizing customer reviews},
  author={Hu, Minqing and Liu, Bing},
  booktitle={Proceedings of the tenth ACM SIGKDD international conference on Knowledge discovery and data mining},
  pages={168--177},
  year={2004},
  organization={ACM}
}

@inproceedings{pang2004sentimental,
  title={A sentimental education: Sentiment analysis using subjectivity summarization based on minimum cuts},
  author={Pang, Bo and Lee, Lillian},
  booktitle={Proceedings of the 42nd annual meeting on Association for Computational Linguistics},
  pages={271},
  year={2004},
  organization={Association for Computational Linguistics}
}

@article{wiebe2005annotating,
  title={Annotating expressions of opinions and emotions in language},
  author={Wiebe, Janyce and Wilson, Theresa and Cardie, Claire},
  journal={Language resources and evaluation},
  volume={39},
  number={2-3},
  pages={165--210},
  year={2005},
  publisher={Springer}
}

@inproceedings{li2002learning,
  title={Learning question classifiers},
  author={Li, Xin and Roth, Dan},
  booktitle={Proceedings of the 19th international conference on Computational linguistics-Volume 1},
  pages={1--7},
  year={2002},
  organization={Association for Computational Linguistics}
}

@inproceedings{marelli2014sick,
  title={A SICK cure for the evaluation of compositional distributional semantic models},
  author={Marelli, Marco and Menini, Stefano and Baroni, Marco and Bentivogli, Luisa and Bernardi, Raffaella and Zamparelli, Roberto},
  booktitle={Proceedings of LREC},
  pages={216--223},
  year={2014},
  organization={Citeseer}
}

@inproceedings{agirre2014semeval,
  title={SemEval-2014 Task 10: Multilingual semantic textual similarity},
  author={Agirre, Eneko and Banea, Carmen and Cardie, Claire and Cer, Daniel and Diab, Mona and Gonzalez-Agirre, Aitor and Guo, Weiwei and Mihalcea, Rada and Rigau, German and Wiebe, Janyce},
  booktitle={Proceedings of the 8th International Workshop on Semantic Evaluation (SemEval 2014)},
  pages={81--91},
  year={2014}
}

@inproceedings{le2014distributed,
  title={Distributed representations of sentences and documents},
  author={Le, Quoc V and Mikolov, Tomas},
  booktitle={Proceedings of ICML},
  year={2014}
}

@inproceedings{almahairi2015learning,
  title={Learning Distributed Representations from Reviews for Collaborative Filtering},
  author={Almahairi, Amjad and Kastner, Kyle and Cho, Kyunghyun and Courville, Aaron},
  booktitle={Proceedings of the 9th ACM Conference on Recommender Systems},
  pages={147--154},
  year={2015},
  organization={ACM}
}


@inproceedings{mao2014deep,
  title={Deep captioning with multimodal recurrent neural networks (m-rnn)},
  author={Mao, Junhua and Xu, Wei and Yang, Yi and Wang, Jiang and Yulle, Alan},
  booktitle={Proceedings of ICLR},
  year={2015}
}

@inproceedings{kiela2015multi,
  title={Multi-and cross-modal semantics beyond vision: Grounding in auditory perception},
  author={Kiela, Douwe and Clark, Stephen},
  booktitle={Proceedings of EMNLP},
  year={2015}
}


@article{serban2015building,
  title={Building End-To-End Dialogue Systems Using Generative Hierarchical Neural Network Models},
  author={Serban, Iulian V and Sordoni, Alessandro and Bengio, Yoshua and Courville, Aaron and Pineau, Joelle},
  journal={arXiv preprint arXiv:1507.04808},
  year={2015}
}

@article{norman1972memory,
  title={Memory, knowledge, and the answering of questions.},
  author={Norman, Donald A},
  year={1972},
  journal={ERIC}
}


@inproceedings{levy2014neural,
  title={Neural word embedding as implicit matrix factorization},
  author={Levy, Omer and Goldberg, Yoav},
  booktitle={Advances in Neural Information Processing Systems},
  pages={2177--2185},
  year={2014}
}


@inproceedings{cho2014learning,
  title={Learning phrase representations using rnn encoder-decoder for statistical machine translation},
  author={Cho, Kyunghyun and Van Merri{\"e}nboer, Bart and Gulcehre, Caglar and Bahdanau, Dzmitry and Bougares, Fethi and Schwenk, Holger and Bengio, Yoshua},
  booktitle={Proceedings of EMNLP},
  year={2014}
}

@inproceedings{vincent2008extracting,
  title={Extracting and composing robust features with denoising autoencoders},
  author={Vincent, Pascal and Larochelle, Hugo and Bengio, Yoshua and Manzagol, Pierre-Antoine},
  booktitle={Proceedings of the 25th international conference on Machine learning},
  pages={1096--1103},
  year={2008},
  organization={ACM}
}

@inproceedings{polajnar2015exploration,
  title={An Exploration of Discourse-Based Sentence Spaces for Compositional Distributional Semantics},
  author={Polajnar, Tamara and Rimell, Laura and Clark, Stephen},
  booktitle={Workshop on Linking Models of Lexical, Sentential and Discourse-level Semantics (LSDSem)},
  pages={1},
  year={2015}
}


@article{mitchell2010composition,
  title={Composition in distributional models of semantics},
  author={Mitchell, Jeff and Lapata, Mirella},
  journal={Cognitive science},
  volume={34},
  number={8},
  pages={1388--1429},
  year={2010},
  publisher={Wiley Online Library}
}


@inproceedings{milajevs2014evaluating,
  title={Evaluating neural word representations in tensor-based compositional settings},
  author={Milajevs, Dmitrijs and Kartsaklis, Dimitri and Sadrzadeh, Mehrnoosh and Purver, Matthew},
  booktitle={Proceedings of EMNLP},
  year={2014}
}

@inproceedings{marcobaronijointly,
  title={Jointly optimizing word representations for lexical and sentential tasks with the C-PHRASE model},
  author={Pham, Nghia The and Kruszewski, Germ{\'a}n and Lazaridou, Angeliki and Baroni, Marco},
  booktitle={Proceedings of ALC},
  year={2015},
}


@article{vincent2010stacked,
  title={Stacked denoising autoencoders: Learning useful representations in a deep network with a local denoising criterion},
  author={Vincent, Pascal and Larochelle, Hugo and Lajoie, Isabelle and Bengio, Yoshua and Manzagol, Pierre-Antoine},
  journal={The Journal of Machine Learning Research},
  volume={11},
  pages={3371--3408},
  year={2010},
  publisher={JMLR. org}
}

@article{collobert2011natural,
  title={Natural language processing (almost) from scratch},
  author={Collobert, Ronan and Weston, Jason and Bottou, L{\'e}on and Karlen, Michael and Kavukcuoglu, Koray and Kuksa, Pavel},
  journal={The Journal of Machine Learning Research},
  volume={12},
  pages={2493--2537},
  year={2011},
  publisher={JMLR. org}
}

@article{hill2014simlex,
  title={Simlex-999: Evaluating semantic models with (genuine) similarity estimation},
  author={Hill, Felix and Reichart, Roi and Korhonen, Anna},
  journal={Computational Linguistics},
  year={2015}
}




