@inproceedings{kiros2015skip,
  title={Skip-thought vectors},
  author={Kiros, Ryan and Zhu, Yukun and Salakhutdinov, Ruslan R and Zemel, Richard and Urtasun, Raquel and Torralba, Antonio and Fidler, Sanja},
  booktitle={Advances in Neural Information Processing Systems},
  pages={3276--3284},
  year={2015}
}

@inproceedings{clark2007combining,
  title={Combining Symbolic and Distributional Models of Meaning.},
  author={Clark, Stephen and Pulman, Stephen},
  booktitle={AAAI Spring Symposium: Quantum Interaction},
  pages={52--55},
  year={2007}
}

@inproceedings{sutskever2011generating,
  title={Generating text with recurrent neural networks},
  author={Sutskever, Ilya and Martens, James and Hinton, Geoffrey E},
  booktitle={Proceedings of the 28th International Conference on Machine Learning (ICML-11)},
  pages={1017--1024},
  year={2011}
}

@inproceedings{mitchell2008vector,
  title={Vector-based Models of Semantic Composition.},
  author={Mitchell, Jeff and Lapata, Mirella},
  booktitle={ACL},
  pages={236--244},
  year={2008}
}

@article{levy2015improving,
  title={Improving distributional similarity with lessons learned from word embeddings},
  author={Levy, Omer and Goldberg, Yoav and Dagan, Ido},
  journal={Transactions of the Association for Computational Linguistics},
  volume={3},
  pages={211--225},
  year={2015}
}

@article{baroni2014frege,
  title={Frege in space: A program of compositional distributional semantics},
  author={Baroni, Marco and Bernardi, Raffaela and Zamparelli, Roberto},
  journal={Linguistic Issues in Language Technology},
  volume={9},
  year={2014}
}

@article{voorhees2002overview,
  title={Overview of the TREC 2001 question answering track},
  author={Voorhees, Ellen M},
  journal={NIST special publication},
  pages={42--51},
  year={2002},
  publisher={National Institute of Standards and Technology}
}

@inproceedings{Pang+Lee:05a,
   author = {Bo Pang and Lillian Lee},
   title = {Seeing Stars: Exploiting Class Relationships For Sentiment Categorization With Respect To Rating Scales},
   year = {2005},
   pages = {115--124},
   booktitle = {Proceedings of ACL}
}



@inproceedings{ji2013discriminative,
  title={Discriminative Improvements to Distributional Sentence Similarity.},
  author={Ji, Yangfeng and Eisenstein, Jacob},
  booktitle={EMNLP},
  pages={891--896},
  year={2013}
}

@article{iyyer2015deep,
  title={Deep Unordered Composition Rivals Syntactic Methods for Text Classification},
  author={Iyyer, Mohit and Manjunatha, Varun and Boyd-Graber, Jordan and Daum{\'e} III, Hal},
  journal={Proceedings of the 53rd Annual Meeting of the Association for Computational Linguistics},
  year={2015}
}

@inproceedings{dai2015semi,
  title={Semi-supervised sequence learning},
  author={Dai, Andrew M and Le, Quoc V},
  booktitle={Advances in Neural Information Processing Systems},
  pages={3061--3069},
  year={2015}
}

@article{harris1954distributional,
  title={Distributional structure.},
  author={Harris, Zellig S},
  journal={Word},
  year={1954}
}

@article{hill2015learning,
  title={Learning to Understand Phrases by Embedding the Dictionary},
  author={Hill, Felix and Cho, Kyunghyun and Korhonen, Anna and Bengio, Yoshua},
  journal={Transactions of the Association for Computational Linguistics},
  year={2015}
}

@article{chen2015microsoft,
  title={Microsoft COCO captions: Data collection and evaluation server},
  author={Chen, Xinlei and Fang, Hao and Lin, Tsung-Yi and Vedantam, Ramakrishna and Gupta, Saurabh and Dollar, Piotr and Zitnick, C Lawrence},
  journal={arXiv preprint arXiv:1504.00325},
  year={2015}
}

@article{szegedy2014going,
  title={Going deeper with convolutions},
  author={Szegedy, Christian and Liu, Wei and Jia, Yangqing and Sermanet, Pierre and Reed, Scott and Anguelov, Dragomir and Erhan, Dumitru and Vanhoucke, Vincent and Rabinovich, Andrew},
  journal={arXiv preprint arXiv:1409.4842},
  year={2014}
}

@article{russakovsky2014imagenet,
  title={Imagenet large scale visual recognition challenge},
  author={Russakovsky, Olga and Deng, Jia and Su, Hao and Krause, Jonathan and Satheesh, Sanjeev and Ma, Sean and Huang, Zhiheng and Karpathy, Andrej and Khosla, Aditya and Bernstein, Michael and others},
  journal={International Journal of Computer Vision},
  pages={1--42},
  year={2014},
  publisher={Springer}
}

@inproceedings{socher2011semi,
  title={Semi-supervised recursive autoencoders for predicting sentiment distributions},
  author={Socher, Richard and Pennington, Jeffrey and Huang, Eric H and Ng, Andrew Y and Manning, Christopher D},
  booktitle={Proceedings of the Conference on Empirical Methods in Natural Language Processing},
  pages={151--161},
  year={2011},
  organization={Association for Computational Linguistics}
}

@inproceedings{kalchbrenner2014convolutional,
  title={A convolutional neural network for modelling sentences},
  author={Kalchbrenner, Nal and Grefenstette, Edward and Blunsom, Phil},
  booktitle={Proceedings of EMNLP},
  year={2014}
}

@article{mikolov2013efficient,
  title={Efficient estimation of word representations in vector space},
  author={Mikolov, Tomas and Chen, Kai and Corrado, Greg and Dean, Jeffrey},
  journal={arXiv preprint arXiv:1301.3781},
  year={2013}
}

@inproceedings{mikolov2013distributed,
  title={Distributed representations of words and phrases and their compositionality},
  author={Mikolov, Tomas and Sutskever, Ilya and Chen, Kai and Corrado, Greg S and Dean, Jeff},
  booktitle={Advances in neural information processing systems},
  pages={3111--3119},
  year={2013}
}

@inproceedings{dolan2004unsupervised,
  title={Unsupervised construction of large paraphrase corpora: Exploiting massively parallel news sources},
  author={Dolan, Bill and Quirk, Chris and Brockett, Chris},
  booktitle={Proceedings of the 20th international conference on Computational Linguistics},
  pages={350},
  year={2004},
  organization={Association for Computational Linguistics}
}

@inproceedings{pang2005seeing,
  title={Seeing stars: Exploiting class relationships for sentiment categorization with respect to rating scales},
  author={Pang, Bo and Lee, Lillian},
  booktitle={Proceedings of the 43rd Annual Meeting on Association for Computational Linguistics},
  pages={115--124},
  year={2005},
  organization={Association for Computational Linguistics}
}

@inproceedings{hu2004mining,
  title={Mining and summarizing customer reviews},
  author={Hu, Minqing and Liu, Bing},
  booktitle={Proceedings of the tenth ACM SIGKDD international conference on Knowledge discovery and data mining},
  pages={168--177},
  year={2004},
  organization={ACM}
}

@inproceedings{pang2004sentimental,
  title={A sentimental education: Sentiment analysis using subjectivity summarization based on minimum cuts},
  author={Pang, Bo and Lee, Lillian},
  booktitle={Proceedings of the 42nd annual meeting on Association for Computational Linguistics},
  pages={271},
  year={2004},
  organization={Association for Computational Linguistics}
}

@article{wiebe2005annotating,
  title={Annotating expressions of opinions and emotions in language},
  author={Wiebe, Janyce and Wilson, Theresa and Cardie, Claire},
  journal={Language resources and evaluation},
  volume={39},
  number={2-3},
  pages={165--210},
  year={2005},
  publisher={Springer}
}

@inproceedings{li2002learning,
  title={Learning question classifiers},
  author={Li, Xin and Roth, Dan},
  booktitle={Proceedings of the 19th international conference on Computational linguistics-Volume 1},
  pages={1--7},
  year={2002},
  organization={Association for Computational Linguistics}
}

@inproceedings{marelli2014sick,
  title={A SICK cure for the evaluation of compositional distributional semantic models},
  author={Marelli, Marco and Menini, Stefano and Baroni, Marco and Bentivogli, Luisa and Bernardi, Raffaella and Zamparelli, Roberto},
  booktitle={Proceedings of LREC},
  pages={216--223},
  year={2014},
  organization={Citeseer}
}

@inproceedings{agirre2014semeval,
  title={SemEval-2014 Task 10: Multilingual semantic textual similarity},
  author={Agirre, Eneko and Banea, Carmen and Cardie, Claire and Cer, Daniel and Diab, Mona and Gonzalez-Agirre, Aitor and Guo, Weiwei and Mihalcea, Rada and Rigau, German and Wiebe, Janyce},
  booktitle={Proceedings of the 8th International Workshop on Semantic Evaluation (SemEval 2014)},
  pages={81--91},
  year={2014}
}

@inproceedings{le2014distributed,
  title={Distributed representations of sentences and documents},
  author={Le, Quoc V and Mikolov, Tomas},
  booktitle={Proceedings of ICML},
  year={2014}
}

@article{hill2015goldilocks,
  title={The Goldilocks Principle: Reading Children's Books with Explicit Memory Representations},
  author={Hill, Felix and Bordes, Antoine and Chopra, Sumit and Weston, Jason},
  journal={arXiv preprint arXiv:1511.02301},
  year={2015}
}

@inproceedings{luong2015effective,
  title={Effective approaches to attention-based neural machine translation},
  author={Luong, Minh-Thang and Pham, Hieu and Manning, Christopher D},
  booktitle={Proceedings of EMNLP},
  year={2015}
}

@inproceedings{almahairi2015learning,
  title={Learning Distributed Representations from Reviews for Collaborative Filtering},
  author={Almahairi, Amjad and Kastner, Kyle and Cho, Kyunghyun and Courville, Aaron},
  booktitle={Proceedings of the 9th ACM Conference on Recommender Systems},
  pages={147--154},
  year={2015},
  organization={ACM}
}


@inproceedings{mao2014deep,
  title={Deep captioning with multimodal recurrent neural networks (m-rnn)},
  author={Mao, Junhua and Xu, Wei and Yang, Yi and Wang, Jiang and Yulle, Alan},
  booktitle={Proceedings of ICLR},
  year={2015}
}

@article{serban2015building,
  title={Building End-To-End Dialogue Systems Using Generative Hierarchical Neural Network Models},
  author={Serban, Iulian V and Sordoni, Alessandro and Bengio, Yoshua and Courville, Aaron and Pineau, Joelle},
  journal={arXiv preprint arXiv:1507.04808},
  year={2015}
}

@article{norman1972memory,
  title={Memory, knowledge, and the answering of questions.},
  author={Norman, Donald A},
  year={1972},
  publisher={ERIC}
}


@inproceedings{levy2014neural,
  title={Neural word embedding as implicit matrix factorization},
  author={Levy, Omer and Goldberg, Yoav},
  booktitle={Advances in Neural Information Processing Systems},
  pages={2177--2185},
  year={2014}
}

@inproceedings{sutskever2014sequence,
  title={Sequence to sequence learning with neural networks},
  author={Sutskever, Ilya and Vinyals, Oriol and Le, Quoc VV},
  booktitle={Advances in neural information processing systems},
  pages={3104--3112},
  year={2014}
}

@inproceedings{cho2014learning,
  title={Learning phrase representations using rnn encoder-decoder for statistical machine translation},
  author={Cho, Kyunghyun and Van Merri{\"e}nboer, Bart and Gulcehre, Caglar and Bahdanau, Dzmitry and Bougares, Fethi and Schwenk, Holger and Bengio, Yoshua},
  booktitle={Proceedings of EMNLP},
  year={2014}
}

@inproceedings{vincent2008extracting,
  title={Extracting and composing robust features with denoising autoencoders},
  author={Vincent, Pascal and Larochelle, Hugo and Bengio, Yoshua and Manzagol, Pierre-Antoine},
  booktitle={Proceedings of the 25th international conference on Machine learning},
  pages={1096--1103},
  year={2008},
  organization={ACM}
}

@inproceedings{polajnar2015exploration,
  title={An Exploration of Discourse-Based Sentence Spaces for Compositional Distributional Semantics},
  author={Polajnar, Tamara and Rimell, Laura and Clark, Stephen},
  booktitle={Workshop on Linking Models of Lexical, Sentential and Discourse-level Semantics (LSDSem)},
  pages={1},
  year={2015}
}


@article{mitchell2010composition,
  title={Composition in distributional models of semantics},
  author={Mitchell, Jeff and Lapata, Mirella},
  journal={Cognitive science},
  volume={34},
  number={8},
  pages={1388--1429},
  year={2010},
  publisher={Wiley Online Library}
}

@article{bruni2014multimodal,
  title={Multimodal Distributional Semantics.},
  author={Bruni, Elia and Tran, Nam-Khanh and Baroni, Marco},
  journal={J. Artif. Intell. Res. (JAIR)},
  volume={49},
  pages={1--47},
  year={2014}
}


@inproceedings{milajevs2014evaluating,
  title={Evaluating neural word representations in tensor-based compositional settings},
  author={Milajevs, Dmitrijs and Kartsaklis, Dimitri and Sadrzadeh, Mehrnoosh and Purver, Matthew},
  booktitle={Proceedings of EMNLP},
  year={2014}
}

@inproceedings{marcobaronijointly,
  title={Jointly optimizing word representations for lexical and sentential tasks with the C-PHRASE model},
  author={Pham, Nghia The and Kruszewski, Germ{\'a}n and Lazaridou, Angeliki and Baroni, Marco},
  booktitle={Proceedings of ALC},
  year={2015},
}

@inproceedings{luong2015effective,
  title={Effective approaches to attention-based neural machine translation},
  author={Luong, Minh-Thang and Pham, Hieu and Manning, Christopher D},
  booktitle={Proceedings of EMNLP},
  year={2015}
}


@article{vincent2010stacked,
  title={Stacked denoising autoencoders: Learning useful representations in a deep network with a local denoising criterion},
  author={Vincent, Pascal and Larochelle, Hugo and Lajoie, Isabelle and Bengio, Yoshua and Manzagol, Pierre-Antoine},
  journal={The Journal of Machine Learning Research},
  volume={11},
  pages={3371--3408},
  year={2010},
  publisher={JMLR. org}
}

@article{collobert2011natural,
  title={Natural language processing (almost) from scratch},
  author={Collobert, Ronan and Weston, Jason and Bottou, L{\'e}on and Karlen, Michael and Kavukcuoglu, Koray and Kuksa, Pavel},
  journal={The Journal of Machine Learning Research},
  volume={12},
  pages={2493--2537},
  year={2011},
  publisher={JMLR. org}
}

@article{hill2014simlex,
  title={Simlex-999: Evaluating semantic models with (genuine) similarity estimation},
  author={Hill, Felix and Reichart, Roi and Korhonen, Anna},
  journal={Computational Linguistics},
  year={2015}
}

@inproceedings{baroni2014don,
  title={Don't count, predict! a systematic comparison of context-counting vs. context-predicting semantic vectors},
  author={Baroni, Marco and Dinu, Georgiana and Kruszewski, Germ{\'a}n},
  booktitle={Proceedings of the 52nd Annual Meeting of the Association for Computational Linguistics},
  volume={1},
  pages={238--247},
  year={2014}
}