@article{Bruni2014,
    title={Multimodal Distributional Semantics.},
    author={Bruni, Elia and Tran, Nam-Khanh and Baroni, Marco},
    journal={J. Artif. Intell. Res.(JAIR)},
    volume={49},
    pages={1--47},
    year={2014}
}

@inproceedings{levy2014dependency,
  title={Dependency-Based Word Embeddings},
  author={Levy, Omer and Goldberg, Yoav},
  booktitle={Proceedings of the 52nd Annual Meeting of the Association for Computational Linguistics},
  volume={2},
  year={2014}
}

@article{hochreiter1997long,
  title={Long short-term memory},
  author={Hochreiter, Sepp and Schmidhuber, J{\"u}rgen},
  journal={Neural computation},
  volume={9},
  number={8},
  pages={1735--1780},
  year={1997},
  publisher={MIT Press}
}

@article{bengio1994learning,
  title={Learning Long-term Dependencies with Gradient Descent is Difficult},
  author={Bengio, Yoshua and Simard, Patrice and Frasconi, Paolo},
  journal={Neural Networks, IEEE Transactions on},
  volume={5},
  number={2},
  pages={157--166},
  year={1994},
  publisher={IEEE}
}

@InProceedings{iyyer2015deep,
  author={Iyyer, Mohit and Manjunatha, Varun and Boyd-Graber, Jordan and III, Hal Daum{\'e}},
  title={Deep Unordered Composition Rivals Syntactic Methods for Text Classification},
  booktitle = {Proceedings of the Association for Computational Linguistics},
  year={2015},
}

@article{harris,
  title={Distributional Structure},
  author={Harris, Zellig S},
  journal={Word},
  volume={10},
  number={2-3},
  pages={146-162},
  year={1954}
}

@inproceedings{morin2005hierarchical,
  title={Hierarchical probabilistic neural network language model},
  author={Morin, Frederic and Bengio, Yoshua},
  booktitle={AISTATS},
  volume={5},
  pages={246--252},
  year={2005},
  organization={Citeseer}
}

@InProceedings{Hermann:2014:ICLR,
  author    = {Hermann, Karl Moritz and Blunsom, Phil},
  title     = {{Multilingual Distributed Representations without Word Alignment}},
  booktitle = {Proceedings of ICLR},
  year      = {2014},
  month     = apr,
  url       = {http://arxiv.org/abs/1312.6173},
}

@inbook{dist,
  author    = {Firth, J, R.},
  title     = {A synopsis of linguistic theory 1930-1955},
  booktitle = {Studies in Linguistic Analysis},
  pages = {1-32},
  publisher = {Oxford: Philological Society},
  year      = {1957},
}



@InProceedings{Chandar,
  author    = {Sarath Chandar and Stanislas Lauly and Hugo Larochelle and Mitesh M. Khapra and Balaraman Ravindran and Vikas Raykar and Amrita Saha},
  title     = {{An Autoencoder Approach to Learning Bilingual Word Representations}},
  booktitle = {NIPS},
  year      = {2014},
}

@inproceedings{Klementiev,
  title={Inducing Crosslingual Distributed Representations of Words},
  author={A. Klementiev, I. Titov, and B. Bhattarai},
  booktitle={Proceedings of COLING},
  year={2012}
}
@inproceedings{Agirre2009,
 author = {Eneko Agirre and Enrique Alfonseca and Keith Hall and Jana Kravalova and Marius Pasca and Aitor Soroa},
 title = {A Study on Similarity and Relatedness Using Distributional and WordNet-based Approaches},
 booktitle = {Proceedings of NAACL-HLT 2009},
 year = 2009,
}

@inproceedings{mnih2009scalable,
  title={A scalable hierarchical distributed language model},
  author={Mnih, Andriy and Hinton, Geoffrey E},
  booktitle={Advances in Neural Information Processing Systems},
  pages={1081--1088},
  year={2009}
}



%Aigaion2 BibTeX export from LISA - Publications
%Wednesday 17 December 2014 05:56:59 AM

@MISC{Bastien-Theano-2012,
        author = {Bastien, Fr{\'{e}}d{\'{e}}ric and Lamblin, Pascal and Pascanu, Razvan and Bergstra, James and Goodfellow, Ian J. and Bergeron, Arnaud and Bouchard, Nicolas and Bengio, Yoshua},
         title = {Theano: new features and speed improvements},
          year = {2012},
  howpublished = {Deep Learning and Unsupervised Feature Learning NIPS 2012 Workshop},
}

@InProceedings{Bengio+Senecal-2003-small,
  author =       {Yoshua Bengio and Jean-S\'ebastien S\'en\'ecal},
  booktitle =    {Proceedings of AISTATS 2003},
  title =        {Quick Training of Probabilistic Neural Nets by
                 Importance Sampling},
  year =         {2003},
}

@inproceedings{ginsberg2011dr,
  title={DR. {FILL}: Crosswords and an Implemented Solver for Singly Weighted {CSP}s},
  author={Ginsberg, Matthew L.},
  booktitle={Journal of Artificial Intelligence Research},
  pages={851--886},
  year={2011}
}

@article{littman2002probabilistic,
  title={A probabilistic approach to solving crossword puzzles},
  author={Littman, Michael L. and Keim, Greg A. and Shazeer, Noam},
  journal={Artificial Intelligence},
  volume={134},
  number={1},
  pages={23--55},
  year={2002},
  publisher={Elsevier}
}

@inproceedings{ferrucci2010building,
  title={Building {W}atson: An overview of the {DeepQA} project},
  author={Ferrucci, David and Brown, Eric and Chu-Carroll, Jennifer and Fan,
      James and Gondek, David and Kalyanpur, Aditya A. and Lally, Adam and
          Murdock, J. William and Nyberg, Eric and Prager, John and Schlaefer, Nico and Welty, Chris},
  booktitle={{AI} magazine},
  volume={31(3)},
  pages={59--79},
  year={2010}
}

@inproceedings{weston2015towards,
  title={Towards {AI}-Complete Question Answering: A Set of Prerequisite Toy Tasks},
  author={Weston, Jason and Bordes, Antoine and Chopra, Sumit and Mikolov, Tomas},
  booktitle={arXiv preprint arXiv:1502.05698},
  year={2015}
}

@inproceedings{Iyyer:Boyd-Graber:Claudino:Socher:Daume-2014,
	                    	Title = {A Neural Network for Factoid Question Answering over Paragraphs},
	                        Author = {Mohit Iyyer and Jordan Boyd-Graber and Leonardo Claudino and Richard Socher and Hal {Daum\'e III}},
	                        Booktitle = {Proceedings of EMNLP},
	                        Year = {2014}
	                    }
	                

@article{molla2007question,
  title={Question answering in restricted domains: An overview},
  author={Moll{\'a}, Diego and Vicedo, Jos{\'e} Luis},
  journal={Computational Linguistics},
  volume={33},
  number={1},
  pages={41--61},
  year={2007},
  publisher={MIT Press}
}

@article{graves2014neural,
  title={Neural Turing Machines},
  author={Graves, Alex and Wayne, Greg and Danihelka, Ivo},
  journal={arXiv preprint arXiv:1410.5401},
  year={2014}
}

@inproceedings{berant14paraphrasing,
  author = {Berant, Jonathan and Liang, Percy},
  booktitle = {Proceedings of the Association for Computational Linguistics},
  title = {Semantic Parsing via Paraphrasing},
  year = {2014},
}

@inproceedings{307754,
  author = "Vulic, Ivan and De Smet, Wim and Moens, Marie-Francine",
  title = "Identifying word translations from comparable corpora using latent topic models",
  booktitle = "Proceedings of the Association for Computational Linguistics",
  year = "2011"
}

@article{mitchell2010composition,
  title={Composition in distributional models of semantics},
  author={Mitchell, Jeff and Lapata, Mirella},
  journal={Cognitive Science},
  volume={34},
  number={8},
  pages={1388--1429},
  year={2010},
  publisher={Wiley Online Library}
}

@inproceedings{cho2014learning,
  title={Learning phrase representations using {RNN} encoder-decoder for statistical machine translation},
  author={Cho, Kyunghyun and Van Merri{\"e}nboer, Bart and Gulcehre, Caglar and Bahdanau, Dzmitry and Bougares, Fethi and Schwenk, Holger and Bengio, Yoshua},
  booktitle={Proceedings of EMNLP},
  year={2014}
}

@article{faruqui2014retrofitting,
  title={Retrofitting word vectors to semantic lexicons},
  author={Faruqui, Manaal and Dodge, Jesse and Jauhar, Sujay K. and Dyer, Chris and Hovy, Eduard and Smith, Noah A.},
  journal={Proceedings of the North American Chapter of the Association for Computational Linguistics},
  year={2014}
}

@inproceedings{huang2012improving,
  title={Improving word representations via global context and multiple word prototypes},
  author={Huang, Eric H. and Socher, Richard and Manning, Christopher D. and Ng, Andrew Y.},
  booktitle={Proceedings of the Association for Computational Linguistics},
  year={2012}
}

@article{bordes2015large,
  title={Large-scale Simple Question Answering with Memory Networks},
  author={Bordes, Antoine and Usunier, Nicolas and Chopra, Sumit and Weston, Jason},
  journal={arXiv preprint arXiv:1506.02075},
  year={2015}
}

@article{bilac2003improving,
  title={Improving dictionary accessibility by maximizing use of available knowledge},
  author={Bilac, Slaven and Baldwin, Timothy and Tanaka, Hozumi},
  journal={{T}raitement {A}utomatique des {L}angues},
  volume={44},
  number={2},
  pages={199--224},
  year={2003}
}

@article{bordes2014question,
  title={Question answering with subgraph embeddings},
  author={Bordes, Antoine and Chopra, Sumit and Weston, Jason},
  journal={Proceedings of EMNLP},
  year={2014}
}

@article{milajevs2014evaluating,
  title={Evaluating neural word representations in tensor-based compositional settings},
  author={Milajevs, Dmitrijs and Kartsaklis, Dimitri and Sadrzadeh, Mehrnoosh and Purver, Matthew},
  journal={Proceedings of EMNLP},
  year={2014}
}

@misc{beefermanonelook,
  title={Onelook Reverse Dictionary (2013)},
  author={Beeferman, D},
  url={http://www.onelook.com/},
  year = {2003}
}


@inproceedings{leech1994claws4,
  title={{CLAWS4}: The Tagging of the {B}ritish {N}ational {C}orpus},
  author={Leech, Geoffrey and Garside, Roger and Bryant, Michael},
  booktitle={Proceedings of COLING},
  year={1994}
}

@inproceedings{zock2004word,
  title={Word Lookup on the Basis of Associations: From an Idea to a Roadmap},
  author={Zock, Michael and Bilac, Slaven},
  booktitle={Proceedings of the ACL Workshop on Enhancing and Using Electronic Dictionaries},
  year={2004}
}

@inproceedings{bilac2004dictionary,
  title={Dictionary search based on the target word description},
  author={Bilac, Slaven and Watanabe, Wataru and Hashimoto, Taiichi and Tokunaga, Takenobu and Tanaka, Hozumi},
  booktitle={Proceedings of NLP 2014},
  year={2004}
}

@article{shaw2013building,
  title={Building a scalable database-driven reverse dictionary},
  author={Shaw, Ryan and Datta, Anindya and VanderMeer, Debra and Dutta, Kaushik},
  journal={Knowledge and Data Engineering, IEEE Transactions on},
  volume={25},
  number={3},
  pages={528--540},
  year={2013},
  publisher={IEEE}
}

@inproceedings{zeiler2012adadelta,
  title={ADADELTA: An Adaptive Learning Rate Method},
  author={Zeiler, Matthew D.},
  booktitle={arXiv preprint arXiv:1212.5701},
  year={2012}
}

@INPROCEEDINGS{bergstra+al:2010-scipy,
     author = {Bergstra, James and Breuleux, Olivier and Bastien, Fr{\'{e}}d{\'{e}}ric and Lamblin, Pascal and Pascanu, Razvan and Desjardins, Guillaume and Turian, Joseph and Warde-Farley, David and Bengio, Yoshua},
      title = {Theano: a {CPU} and {GPU} Math Expression Compiler},
  booktitle = {Proceedings of the Python for Scientific Computing Conference ({SciPy})},
       year = {2010},
   abstract = {Theano is a compiler for mathematical expressions in Python that combines the convenience of NumPyâ€™s syntax with the speed of optimized native machine language. The user composes mathematical expressions in a high-level description that mimics NumPyâ€™s syntax and semantics, while being statically typed and
functional (as opposed to imperative). These expressions allow Theano to provide symbolic differentiation. Before performing computation, Theano optimizes the choice of expressions, translates
them into C++ (or CUDA for GPU), compiles them into dynamically loaded Python modules, all automatically. Common machine learning algorithms implemented with Theano are from 1.6Ã— to 7.5Ã— faster than competitive alternatives (including those implemented with C/C++, NumPy/SciPy and MATLAB) when compiled for the
CPU and between 6.5Ã— and 44Ã— faster when compiled for the GPU. This paper illustrates how to use Theano, outlines the scope of the compiler, provides benchmarks on both CPU and GPU processors, and explains its overall design.}
}


@article{turney2010frequency,
  title={From frequency to meaning: Vector space models of semantics},
  author={Turney, Peter D and Pantel, Patrick},
  journal={Journal of Artificial Intelligence Research},
  volume={37},
  number={1},
  pages={141--188},
  year={2010}
}

@article{turney2012domain,
  title={Domain and Function: A Dual-Space Model of Semantic Relations and Compositions},
  author={Turney, Peter D},
  journal={Journal of Artificial Intelligence Research},
  volume={44},
  pages={533--585},
  year={2012}
}

@article{landauer1997solution,
  title={A solution to Plato's problem: The latent semantic analysis theory of acquisition, induction, and representation of knowledge.},
  author={Landauer, Thomas K and Dumais, Susan T},
  journal={Psychological Review},
  volume={104},
  number={2},
  pages={211},
  year={1997},
  publisher={American Psychological Association}
}

@inproceedings{collobert2008unified,
  title={A Unified Architecture for Natural Language Processing: Deep Neural Networks with Multitask Learning},
  author={Collobert, Ronan and Weston, Jason},
  booktitle={Proceedings of ICML},
  year={2008},
  organization={ACM}
}

@inproceedings{Hill2014EMNLP,
    author = {Hill, Felix and Korhonen, Anna},
    title = {Learning Abstract Concepts from Multi-modal Data: Since You Probably Can't See What I Mean},
    booktitle = {Proceedings EMNLP},
    year = 2014,
    month = oct,
}


@inproceedings{Pennington2014,
    author = {Jeffrey Pennington and Richard Socher and Christopher Manning},
    title = {Glove: Global Vectors for Word Representation},
    booktitle = {Proceedings of EMNLP},
    year = 2014,
    month = oct,
}

@inproceedings{mikolov2013distributed,
  title={Distributed representations of words and phrases and their compositionality},
  author={Mikolov, Tomas and Sutskever, Ilya and Chen, Kai and Corrado, Greg S. and Dean, Jeff},
  booktitle={Advances in Neural Information Processing Systems},
  year={2013}
}

@inproceedings{baroni2014don,
  title={Don't count, predict! A systematic comparison of context-counting vs. context-predicting semantic vectors},
  author={Baroni, Marco and Dinu, Georgiana and Kruszewski, Germ{\'a}n},
  booktitle={Proceedings of the Association for Computational Linguistics},
  year={2014}
}

@inproceedings{Cho2014,
    author = {Kyunghyun Cho and Bart van Merrienboer and Caglar Gulcehre and Fethi
        Bougares and Holger Schwenk and Yoshua Bengio},
    title = {Learning Phrase Representations using {RNN} Encoder-Decoder for
        Statistical Machine Translation},
    booktitle = {Proceedings of EMNLP},
    year = 2014
}

@inproceedings{bahdanau2014neural,
  title={Neural machine translation by jointly learning to align and translate},
  author={Bahdanau, Dzmitry and Cho, Kyunghyun and Bengio, Yoshua},
  booktitle={Proceeding of ICLR},
  year={2015}
}

@article{kiros2014unifying,
  title={Unifying visual-semantic embeddings with multimodal neural language models},
  author={Kiros, Ryan and Salakhutdinov, Ruslan and Zemel, Richard S.},
  journal={Transactions of the Association for Computational Linguistics},
  year={2015},
  note={to appear}
}

@inproceedings{mikolov2010recurrent,
  title={Recurrent neural network based language model.},
  author={Mikolov, Tomas and Karafi{\'a}t, Martin and Burget, Lukas and Cernock{\`y}, Jan and Khudanpur, Sanjeev},
  booktitle={Proceedings of INTERSPEECH 2010},
  year={2010}
}

@article{schmidhuber1989local,
  title={A local learning algorithm for dynamic feedforward and recurrent networks},
  author={Schmidhuber, Jurgen},
  journal={Connection Science},
  volume={1},
  number={4},
  pages={403--412},
  year={1989},
  publisher={Taylor \& Francis}
}

@inproceedings{Cho2014a,
    author = {Cho, Kyunghyun and van Merri\"enboer, Bart and Bahdanau, Dzmitry and Bengio, Yoshua},
    title = {On the Properties of Neural Machine Translation: {E}ncoder--{D}ecoder Approaches},
    year      = 2014,
    booktitle     = {Eighth Workshop on Syntax, Semantics and Structure in Statistical Translation},
}

@ARTICLE{Bahdanau2014,
    author = {Dzmitry Bahdanau and Kyunghyun Cho and Yoshua Bengio},
    title = {Neural Machine Translation by Jointly Learning to Align and Translate},
    journal = {Proceedings of ICLR},
    year = 2014,
}

@article{nelson2004university,
  title={The University of South Florida free association, rhyme, and word fragment norms},
  author={Nelson, Douglas L and McEvoy, Cathy L and Schreiber, Thomas A},
  journal={Behavior Research Methods, Instruments, \& Computers},
  volume={36},
  number={3},
  pages={402--407},
  year={2004},
  publisher={Springer}
  }


@article{Bengio2003lm,
    author = {Bengio, Yoshua and Ducharme, R{\'e}jean and Vincent, Pascal and Janvin, Christian},
    title = {A Neural Probabilistic Language Model},
    journal = {J. Mach. Learn. Res.},
    volume = {3},
    month = mar,
    year = {2003},
    pages = {1137--1155},
    publisher = {JMLR.org},
} 

@article{sutskever2014sequence,
  title={Sequence to sequence learning with neural networks},
  author={Sutskever, Ilya and Vinyals, Oriol and Le, Quoc V},
  journal={arXiv preprint arXiv:1409.3215},
  year={2014}
}

@article{hill2014simlex,
  title={SimLex-999: Evaluating Semantic Models With (Genuine) Similarity Estimation},
  author={Hill, Felix and Reichart, Roi and Korhonen, Anna},
  journal={arXiv preprint arXiv:1408.3456},
  year={2014}
}

@article{Jean,
  title={On Using Very Large Target Vocabulary for Neural Machine Translation},
  author={Jean,Sébastien and Cho, Kyunghyun and Memisevic, Roland and Bengio, Yoshua},
  journal={arXiv preprint arXiv:1412.2007},
  year={2014}
}

@inproceedings{levy2014dependency,
  title={Dependency-Based Word Embeddings},
  author={Levy, Omer and Goldberg, Yoav},
  booktitle={Proceedings of the 52nd Annual Meeting of the Association for Computational Linguistics},
  volume={2},
  year={2014}
}






@inproceedings{kalchbrenner13emnlp,
  title = "Recurrent Continuous Translation Models",
  author = "Kalchbrenner, Nal and Blunsom, Phil",
  year = "2013",
  journal = "Proceedings of EMNLP"
}

@article{luong2014addressing,
  title={Addressing the Rare Word Problem in Neural Machine Translation},
  author={Luong, Thang and Sutskever, Ilya and Le, Quoc V and Vinyals, Oriol and Zaremba, Wojciech},
  journal={Proceedings of the Association for Computational Linguistics},
  year={2015}
}

@inproceedings{devlin2014fast,
  title={Fast and robust neural network joint models for statistical machine translation},
  author={Devlin, Jacob and Zbib, Rabih and Huang, Zhongqiang and Lamar, Thomas and Schwartz, Richard and Makhoul, John},
  booktitle={Proceedings of the Association for Computational Linguistics},
  year={2014}
}

@inproceedings{faruqui2014improving,
  title={Improving Vector Space Word Representations using Multilingual Correlation},
  author={Faruqui, Manaal and Dyer, Chris},
  booktitle={Proceedings of EACL},
  volume={2014},
  year={2014}
}


@inproceedings{haghighi2008learning,
  title={Learning Bilingual Lexicons from Monolingual Corpora.},
  author={Haghighi, Aria and Liang, Percy and Berg-Kirkpatrick, Taylor and Klein, Dan},
  booktitle={Proceedings of the Association for Computational Linguistics},
  volume={2008},
  pages={771--779},
  year={2008}
}

@inproceedings{vulic2011identifying,
  title={Identifying word translations from comparable corpora using latent topic models},
  author={Vuli{\'c}, Ivan and De Smet, Wim and Moens, Marie-Francine},
  booktitle={Proceedings of the Association for Computational Linguistics},
  year={2011}
}

@inproceedings{hermann2013multilingual,
  title={Multilingual distributed representations without word alignment},
  author={Hermann, Karl Moritz and Blunsom, Phil},
  booktitle={Proceedings of ICLR},
  year={2013}
}

@inproceedings{gouws2014bilbowa,
  title={{BilBOWA}: Fast Bilingual Distributed Representations without Word Alignments},
  author={Gouws, Stephan and Bengio, Yoshua and Corrado, Greg},
  booktitle={Proceedings of NIPS Deep Learning Workshop},
  year={2014}
}

@inproceedings{lauly2014autoencoder,
  title={An Autoencoder Approach to Learning Bilingual Word Representations},
  author={Chandar, Sarath and Lauly, Stanislas and Larochelle, Hugo and Khapra, Mitesh and Ravindran, Balaraman and Raykar, Vikas C. and Saha, Amrita},
  booktitle={Advances in Neural Information Processing Systems},
  pages={1853--1861},
  year={2014}
}

@article{mikolov2013exploiting,
  title={Exploiting similarities among languages for machine translation},
  author={Mikolov, Tomas and Le, Quoc V and Sutskever, Ilya},
  journal={CORR},
  year={2013}
}

@article{klementiev2012inducing,
  title={Inducing Crosslingual Distributed Representations of Words},
  author={Klementiev, Alexandre and Titov, Ivan and Bhattarai, Binod},
  journal={Proceedings of COLING},
  year={2012}
}

@InProceedings{Kocisky:2014,
  author    = {Ko\v{c}isk\'{y}, Tom\'{a}\v{s} and Hermann, Karl Moritz and Blunsom, Phil},
  title     = {{Learning Bilingual Word Representations by Marginalizing Alignments}},
  booktitle = {Proceedings of the Association for Computational Linguistics},
  year      = {2014},
  month     = jun,
  url       = {http://arxiv.org/abs/1405.0947},
}
