@article{rush2015neural,
  title={A Neural Attention Model for Abstractive Sentence Summarization},
  author={Rush, Alexander M and Chopra, Sumit and Weston, Jason},
  journal={Proceedings of EMNLP},
  year={2015}
}
@article{weston2015towards,
  title={Towards AI-complete question answering: a set of prerequisite toy tasks},
  author={Weston, Jason and Bordes, Antoine and Chopra, Sumit and Mikolov, Tomas},
  journal={arXiv preprint arXiv:1502.05698},
  year={2015}
}

@article{williams1992simple,
  title={Simple statistical gradient-following algorithms for connectionist reinforcement learning},
  author={Williams, Ronald J},
  journal={Machine learning},
  volume={8},
  number={3-4},
  pages={229--256},
  year={1992},
  publisher={Springer}
}

@article{bordes2015large,
  title={Large-scale Simple Question Answering with Memory Networks},
  author={Bordes, Antoine and Usunier, Nicolas and Chopra, Sumit and Weston, Jason},
  journal={arXiv preprint arXiv:1506.02075},
  year={2015}
}

@inproceedings{xu2015show,
  title={Show, attend and tell: Neural image caption generation with visual attention},
  author={Xu, Kelvin and Ba, Jimmy and Kiros, Ryan and Courville, Aaron and Salakhutdinov, Ruslan and Zemel, Richard and Bengio, Yoshua},
  booktitle={Proceedings of the International Conference on Machine Learning (ICML'15)},
  url={http://arxiv.org/abs/1502.03044},
  year={2015}
}

@inproceedings{nips15_hermann,
author = {Karl Moritz Hermann and Tom\'a\v{s} Ko\v{c}isk\'y and Edward Grefenstette and Lasse Espeholt and Will Kay and Mustafa Suleyman and Phil Blunsom},
title = {Teaching Machines to Read and Comprehend},
url = {http://arxiv.org/abs/1506.03340},
booktitle = "Advances in Neural Information Processing Systems (NIPS)",
year = "2015",
}

@article{weston2014memory,
  title={Memory networks},
  author={Weston, Jason and Chopra, Sumit and Bordes, Antoine},
  journal={Proceedings of ICLR},
  year={2015}
}


@article{bahdanau2014neural,
  title={Neural machine translation by jointly learning to align and translate},
  author={Bahdanau, Dzmitry and Cho, Kyunghyun and Bengio, Yoshua},
  journal={ICLR 2015},
  year={2015}
}


@article{sukhbaatar2015end,
  title={End-To-End Memory Networks},
  author={Sukhbaatar, Sainbayar and Szlam, Arthur and Weston, Jason and Fergus, Rob},
  journal={Proceedings of NIPS},
  year={2015}
}

@inproceedings{huang2012improving,
  title={Improving word representations via global context and multiple word prototypes},
  author={Huang, Eric H and Socher, Richard and Manning, Christopher D and Ng, Andrew Y},
  booktitle={Proceedings of the 50th Annual Meeting of the Association for Computational Linguistics: Long Papers-Volume 1},
  pages={873--882},
  year={2012},
  organization={Association for Computational Linguistics}
}


@inproceedings{graves2008unconstrained,
  title={Unconstrained on-line handwriting recognition with recurrent neural networks},
  author={Graves, Alex and Liwicki, Marcus and Bunke, Horst and Schmidhuber, J{\"u}rgen and Fern{\'a}ndez, Santiago},
  booktitle={Advances in Neural Information Processing Systems},
  pages={577--584},
  year={2008}
}


@article{luong2015effective,
  title={Effective Approaches to Attention-based Neural Machine Translation},
  author={Luong, Minh-Thang and Pham, Hieu and Manning, Christopher D},
  journal={Proceedings of EMNLP},
  year={2015}
}

@inproceedings{Heafield-estimate,
  author = {Kenneth Heafield and Ivan Pouzyrevsky and Jonathan H. Clark and Philipp Koehn},
  title = {Scalable Modified {Kneser-Ney} Language Model Estimation},
  year = {2013},
  month = {August},
  booktitle = {Proceedings of the 51st Annual Meeting of the Association for Computational Linguistics},
  address = {Sofia, Bulgaria},
  pages = {690--696}
}

@article{weston2010large,
  title={Large scale image annotation: learning to rank with joint word-image embeddings},
  author={Weston, Jason and Bengio, Samy and Usunier, Nicolas},
  journal={Machine learning},
  volume={81},
  number={1},
  pages={21--35},
  year={2010},
  publisher={Springer}
}

@article{bengio1994learning,
  title={Learning long-term dependencies with gradient descent is difficult},
  author={Bengio, Yoshua and Simard, Patrice and Frasconi, Paolo},
  journal={Neural Networks, IEEE Transactions on},
  volume={5},
  number={2},
  pages={157--166},
  year={1994},
  publisher={IEEE}
}

@article{binder2011neurobiology,
  title={The neurobiology of semantic memory},
  author={Binder, Jeffrey R and Desai, Rutvik H},
  journal={Trends in cognitive sciences},
  volume={15},
  number={11},
  pages={527--536},
  year={2011},
  publisher={Elsevier}
}

@inproceedings{richardson2013mctest,
  title={MCTest: A Challenge Dataset for the Open-Domain Machine Comprehension of Text},
  author={Richardson, Matthew and Burges, Christopher JC and Renshaw, Erin},
  booktitle={EMNLP},
  volume={1},
  pages={2},
  year={2013}
}

@inproceedings{goldilocks,
  title={Goldilocks and the Three Bears},
  author={Hassall, John},
  booktitle={The Old Nursery Stories and Rhymes},
  publisher={Blackie \& Son: London},
  year={1904}
}

@inproceedings{wan2013regularization,
  title={Regularization of neural networks using dropconnect},
  author={Wan, Li and Zeiler, Matthew and Zhang, Sixin and Cun, Yann L and Fergus, Rob},
  booktitle={Proceedings of the 30th International Conference on Machine Learning (ICML-13)},
  pages={1058--1066},
  year={2013}
}

@inproceedings{sutskever2014sequence,
  title={Sequence to sequence learning with neural networks},
  author={Sutskever, Ilya and Vinyals, Oriol and Le, Quoc VV},
  booktitle={Advances in neural information processing systems},
  pages={3104--3112},
  year={2014}
}

@article{hinton2012improving,
  title={Improving neural networks by preventing co-adaptation of feature detectors},
  author={Hinton, Geoffrey E and Srivastava, Nitish and Krizhevsky, Alex and Sutskever, Ilya and Salakhutdinov, Ruslan R},
  journal={arXiv preprint arXiv:1207.0580},
  year={2012}
}


@inproceedings{manning2014stanford,
  title={The Stanford CoreNLP natural language processing toolkit},
  author={Manning, Christopher D and Surdeanu, Mihai and Bauer, John and Finkel, Jenny and Bethard, Steven J and McClosky, David},
  booktitle={Proceedings of 52nd Annual Meeting of the Association for Computational Linguistics: System Demonstrations},
  pages={55--60},
  year={2014}
}

@book{hart1971project,
  title={Project gutenberg},
  author={Hart, Michael},
  year={1971},
  publisher={Project Gutenberg}
}


@article{altmann1988interaction,
  title={Interaction with context during human sentence processing},
  author={Altmann, Gerry and Steedman, Mark},
  journal={Cognition},
  volume={30},
  number={3},
  pages={191--238},
  year={1988},
  publisher={Elsevier}
}

@article{graves2014neural,
  title={Neural Turing Machines},
  author={Graves, Alex and Wayne, Greg and Danihelka, Ivo},
  journal={arXiv preprint arXiv:1410.5401},
  year={2014}
}

@article{bengio2003neural,
  title={A neural probabilistic language model},
  author={Bengio, Yoshua and Ducharme, R{\'e}jean and Vincent, Pascal and Janvin, Christian},
  journal={The Journal of Machine Learning Research},
  volume={3},
  pages={1137--1155},
  year={2003},
  publisher={JMLR. org}
}


@article{hill2015learning,
  title={Learning to Understand Phrases by Embedding the Dictionary},
  author={Hill, Felix and Cho, Kyunghyun and Korhonen, Anna and Bengio, Yoshua},
  journal={arXiv preprint arXiv:1504.00548},
  year={2015}
}

@article{grefenstette2015learning,
  title={Learning to transduce with unbounded memory},
  author={Grefenstette, Edward and Hermann, Karl Moritz and Suleyman, Mustafa and Blunsom, Phil},
  journal={NIPS},
  year={2015}
}

@inproceedings{mikolov2011extensions,
  title={Extensions of recurrent neural network language model},
  author={Mikolov, Tom{\'a}{\v{s}} and Kombrink, Stefan and Burget, Luk{\'a}{\v{s}} and {\v{C}}ernock{\`y}, Jan Honza and Khudanpur, Sanjeev},
  booktitle={Acoustics, Speech and Signal Processing (ICASSP), 2011 IEEE International Conference on},
  pages={5528--5531},
  year={2011},
  organization={IEEE}
}


@inproceedings{mikolov2012context,
  title={Context dependent recurrent neural network language model.},
  author={Mikolov, Tomas and Zweig, Geoffrey},
  booktitle={SLT},
  pages={234--239},
  year={2012}
}

@article{kumar2015ask,
  title={Ask Me Anything: Dynamic Memory Networks for Natural Language Processing},
  author={Kumar, Ankit and Irsoy, Ozan and Su, Jonathan and Bradbury, James and English, Robert and Pierce, Brian and Ondruska, Peter and Gulrajani, Ishaan and Socher, Richard},
  journal={http://arxiv.org/abs/1506.07285},
  year={2015}
}

@article{baayen1996word,
  title={Word frequency distributions and lexical semantics},
  author={Baayen, R Harald and Lieber, Rochelle},
  journal={Computers and the Humanities},
  volume={30},
  number={4},
  pages={281--291},
  year={1996},
  publisher={Springer}
}

@inproceedings{dyer2015transition,
  title={Transition-based dependency parsing with stack long short-term memory},
  author={Dyer, Chris and Ballesteros, Miguel and Ling, Wang and Matthews, Austin and Smith, Noah A},
  booktitle={Proceedings of the Annual Meeting of the Association for Computational Linguistics},
  year={2015}
}

@article{joulin2015inferring,
  title={Inferring Algorithmic Patterns with Stack-Augmented Recurrent Nets},
  author={Joulin, Armand and Mikolov, Tomas},
  journal={NIPS},
  year={2015}
}

@techreport{zweig2011microsoft,
  title={The Microsoft Research sentence completion challenge},
  author={Zweig, Geoffrey and Burges, Christopher JC},
  year={2011},
  institution={Technical Report MSR-TR-2011-129, Microsoft}
}

@article{kuhn1990cache,
  title={A cache-based natural language model for speech recognition},
  author={Kuhn, Roland and De Mori, Renato},
  journal={Pattern Analysis and Machine Intelligence, IEEE Transactions on},
  volume={12},
  number={6},
  pages={570--583},
  year={1990},
  publisher={IEEE}
}